1934 3334
977 349 1032 389 62

265 489 449 530 secundo
496 488 695 541 vidimus)
744 500 797 529 ne
842 487 981 528 ullum
1029 487 1202 541 quidem
1243 487 1580 542 philosophicum
1624 501 1748 543 argu-

265 575 454 613 mentum
486 572 685 625 attigisse.

324 655 404 696 Sed
450 656 643 709 graviora
691 654 868 704 obstant,
915 655 1144 708 quominus
1192 655 1360 709 Nigrini
1401 654 1567 695 laudem
1603 667 1655 696 ex
1688 655 1751 695 in-

264 740 365 779 timo
398 738 573 779 Luciani
601 739 743 779 animo
779 742 911 779 ortam
947 751 1040 780 esse
1073 739 1333 780 arbitremur.
1367 737 1583 787 Quaenam
1614 739 1752 792 imago

265 821 441 862 Luciani
489 824 599 862 esset
639 821 899 874 delineanda,
945 822 980 862 si
1026 821 1232 877 Nigrinus
1274 835 1348 876 pro
1382 835 1480 863 vera
1510 821 1751 863 laudatione

266 891 486 946 cuiusdam
534 904 739 945 Platonici
770 904 1027 946 haberetur?
1061 905 1210 960 Usque
1242 906 1293 946 ad
1326 919 1486 946 annum
1520 905 1752 960 quadrage-

266 990 421 1030 simum
454 987 667 1029 Lucianus
699 988 840 1029 rhetor
870 988 1032 1029 nullam
1067 989 1357 1043 philosophiae
1389 989 1580 1029 notitiam
1613 991 1752 1030 osten-

268 1072 329 1112 dit
359 1071 443 1124 (cfr.
477 1075 601 1126 caput
632 1071 712 1123 II),
741 1075 832 1112 tum
860 1075 1030 1126 repente
1057 1072 1224 1112 cuidam
1251 1071 1469 1112 Platonico
1496 1071 1753 1126 discipulum

268 1168 312 1197 se
344 1155 529 1207 addixit,
563 1155 702 1196 subito
731 1167 880 1196 rursus
906 1155 1035 1196 huius
1062 1156 1142 1195 viri
1170 1154 1338 1208 oblitus,
1366 1154 1593 1196 cuiuslibet
1619 1158 1755 1197 sectae

268 1241 538 1295 philosophos
581 1227 760 1281 satiricis
804 1239 979 1294 dialogis
1008 1242 1256 1294 persecutus
1284 1244 1346 1280 est
1378 1238 1463 1291 (cfr.
1497 1252 1528 1280 o.
1561 1239 1625 1280 III
1658 1239 1756 1293 §3),

270 1329 343 1366 aut
375 1325 610 1367 secundum
643 1324 920 1365 Fritzschium
956 1337 978 1365 e
1010 1323 1227 1364 Platonico
1255 1323 1471 1378 Sceptious
1497 1324 1651 1375 evasit3
1671 1337 1754 1378 qua

267 1411 390 1451 tertia
421 1410 616 1463 opinione
645 1408 813 1463 repulsa
839 1409 1037 1462 antiquos
1066 1407 1338 1462 philosophos
1365 1408 1411 1448 in
1438 1407 1514 1448 Bis
1543 1408 1754 1448 Accusato

271 1498 311 1536 et
336 1494 548 1535 Piscatore
576 1493 711 1538 colere
733 1494 867 1547 coepit
884 1492 967 1545 (cfr.
987 1505 1018 1533 c.
1037 1492 1102 1533 111
1121 1493 1144 1545 ἓ
1165 1493 1215 1543 2).
1235 1491 1339 1541 Quis
1357 1495 1499 1533 tamen
1518 1491 1754 1533 Lucianum

270 1580 312 1619 in
357 1578 532 1632 dialogis
565 1577 644 1618 sibi
677 1578 817 1618 statim
847 1576 1171 1618 succedentibus
1198 1577 1321 1617 toties
1352 1577 1593 1630 opinionem
1621 1577 1756 1617 muta-

272 1663 385 1704 visse
431 1661 603 1702 credat?
636 1660 788 1702 Nonne
818 1660 998 1702 Proteus
1031 1659 1230 1714 Luciano,
1263 1660 1400 1714 qualis
1433 1673 1458 1700 a
1489 1660 1591 1701 viris
1624 1659 1756 1700 doctis

272 1746 459 1800 fingitur,
500 1745 756 1785 constantior
792 1747 854 1785 est
884 1744 1131 1798 putandus?
1165 1744 1223 1784 At
1256 1755 1460 1785 memores
1493 1744 1627 1784 simus
1657 1742 1752 1783 illos

273 1829 519 1884 philologos,
551 1841 648 1869 cum
681 1827 910 1882 Nigrinum
943 1828 1079 1869 solum
1114 1830 1209 1869 ante
1242 1827 1386 1868 oculos
1419 1826 1633 1881 haberent,
1665 1839 1749 1881 quo

275 1913 446 1954 vinculo
494 1925 591 1953 cum
640 1911 733 1953 aliis
774 1911 963 1965 ejusdem
1006 1912 1244 1966 argumenti
1286 1911 1463 1966 dialogis
1504 1911 1758 1965 cohaereret,

275 2009 509 2051 numquam
542 2008 687 2037 secum
719 1998 950 2050 reputasse.

336 2080 488 2121 Nonne
530 2080 665 2121 multo
708 2079 980 2120 verisimilius
1012 2082 1085 2133 est,
1119 2077 1355 2120 Lucianum
1387 2091 1442 2120 ex
1471 2078 1647 2133 rhetore,
1680 2079 1754 2133 qui

278 2164 323 2205 in
364 2164 623 2218 philosophis
656 2163 881 2205 irridendis
914 2162 1103 2204 Comicos
1136 2166 1177 2204 et
1206 2162 1452 2217 Menippum
1485 2161 1537 2203 ob
1569 2163 1757 2217 lepidum

280 2252 578 2303 argumentum
610 2251 780 2290 secutus
812 2251 912 2302 erat,
941 2248 1160 2302 paullatim
1189 2248 1373 2288 amicum
1400 2247 1522 2288 illum
1550 2250 1590 2288 et
1616 2247 1756 2289 defen-

282 2345 417 2374 sorem
462 2333 747 2387 philosophiae
785 2332 943 2373 factum
975 2344 1078 2385 esse,
1112 2344 1239 2386 quem
1271 2332 1314 2371 in
1346 2330 1560 2372 Piscatore
1592 2334 1633 2372 et
1662 2344 1760 2386 pos-

281 2416 506 2458 terioribus
537 2415 656 2457 libris
689 2416 995 2471 cognovimus?
1030 2415 1156 2456 Omni
1183 2417 1314 2470 igitur
1345 2415 1484 2456 studio
1510 2415 1757 2456 enitendum

284 2503 357 2553 est,
404 2503 452 2540 ut
482 2499 553 2540 illa
583 2498 724 2551 ἀπορία
758 2500 808 2541 de
839 2498 1024 2540 Luciano
1056 2499 1263 2540 Platonici
1296 2498 1518 2540 cuiusdam
1552 2499 1758 2553 discipulo

285 2595 413 2636 qnam
446 2583 661 2636 aptissime
693 2582 894 2624 solvatur.

343 2665 500 2720 Ranke,
555 2666 720 2708 Bekker
739 2664 782 2720 ¹),
837 2666 1030 2719 Bernays
1049 2666 1091 2720 2),
1149 2666 1304 2720 aliique
1360 2666 1442 2707 viri
1494 2665 1615 2721 docti,
1662 2668 1763 2721 quia

331 2796 363 2836 1)
387 2797 422 2829 in
446 2807 508 2829 sua
533 2797 692 2830 editione.

330 2855 366 2899 2)
392 2857 540 2901 Bernays
561 2857 654 2900 (Luc.
674 2858 745 2890 und
768 2857 821 2890 die
844 2856 996 2900 Kyniker
1019 2868 1049 2900 p.
1073 2856 1128 2899 89)
1152 2857 1296 2890 dubitat.
