1934 3334
828 366 878 405 51

112 520 231 547 mum
262 507 366 547 mihi
398 508 540 548 visum
578 510 640 548 est
673 506 756 557 (cfr.
776 505 889 546 0111
907 506 930 558 ξ
950 506 1003 559 3).
1032 504 1124 553 Quo
1152 505 1285 559 posito
1301 504 1578 545 fundamento

112 590 297 644 maligna
328 603 435 644 quae
467 589 679 631 Lucianus
711 591 756 629 in
789 591 901 630 viros
931 588 1190 630 venerabiles
1223 588 1395 642 protulit
1415 588 1585 641 judicia,

113 675 256 713 utrum
292 685 345 714 ex
376 674 509 727 ipsius
540 672 819 727 profluxerint
849 673 1066 724 sententia,
1100 685 1152 712 an
1179 672 1222 711 in
1252 672 1430 712 aliorum
1460 671 1588 712 verba

107 756 320 809 juraverit,
353 759 545 797 accurate
577 757 872 810 circumspexi.
907 755 1056 809 Neque
1083 755 1240 796 frustra
1268 756 1468 808 quaesivi,
1486 768 1584 795 nam

111 839 156 878 in
188 839 399 892 plerisque
431 839 605 893 dialogis
632 838 882 891 Lucianum,
911 839 983 892 qui
1009 839 1215 879 rhetorica
1243 841 1352 879 esset
1370 837 1589 891 disciplina

112 921 344 975 institutus,
380 923 651 979 antiquorum
686 923 952 976 scriptorum,
986 922 1230 975 praesertim
1267 921 1516 962 Comoediae
1549 923 1589 961 et

112 1003 299 1059 Menippi
347 1006 502 1046 satirici
551 1006 797 1060 exemplum
841 1007 885 1046 in
928 1006 1186 1059 philosophis
1218 1005 1438 1046 eludendis
1471 1017 1590 1045 secu-

113 1091 204 1129 tum
248 1102 339 1130 esse
372 1089 591 1130 manifeste
622 1091 757 1144 patuit
788 1089 871 1141 (cfr.
905 1102 937 1130 c.
970 1089 1035 1129 III
1068 1090 1091 1142 ξ
1124 1091 1162 1142 4,
1197 1091 1232 1142 5,
1267 1089 1304 1142 6,
1339 1089 1388 1141 7).
1423 1088 1514 1137 Qua
1545 1090 1590 1129 in

112 1171 404 1225 disquisitione
452 1176 706 1227 quantopere
755 1173 855 1213 mihi
901 1173 1040 1214 studia
1074 1186 1097 1213 a
1127 1172 1287 1213 Kockio
1319 1173 1588 1226 promulgata

112 1255 347 1308 profuerint
393 1259 433 1297 et
463 1256 540 1296 hoc
571 1256 661 1297 loco
694 1255 828 1297 libens
858 1259 999 1309 testor,
1031 1259 1071 1297 et
1102 1257 1146 1296 in
1180 1256 1373 1309 sequenti
1406 1255 1591 1309 disputa-

113 1338 226 1379 tione
258 1339 487 1393 apparebit.

171 1421 378 1463 Videmus
424 1435 520 1477 ergo
568 1422 802 1464 Lucianum
846 1436 929 1463 non
973 1422 1024 1464 ab
1058 1423 1138 1463 alia
1169 1423 1221 1463 ad
1254 1423 1376 1463 aliam
1409 1423 1591 1477 philoso-

112 1503 288 1559 phorum
315 1508 470 1546 sectam
497 1507 712 1547 transiisse
739 1506 993 1559 (Fritzsche),
1011 1518 1148 1559 neque
1165 1506 1426 1560 philosophia
1442 1506 1587 1547 relicta

113 1588 263 1630 deinde
294 1589 345 1629 ad
377 1590 564 1630 satiricos
591 1589 776 1644 dialogos
794 1593 1099 1644 transgressum
1119 1602 1209 1630 esse
1226 1589 1593 1643 (Sommerbrodt),

114 1672 186 1713 sed
227 1685 320 1714 mea
352 1674 491 1727 opinio
525 1674 559 1715 si
591 1673 804 1728 probanda
835 1677 908 1727 est,
939 1673 1153 1715 Lucianus
1186 1674 1282 1714 olim
1318 1675 1589 1729 antiquorum

113 1756 367 1811 exemplaria
412 1757 566 1811 refecit,
607 1761 750 1811 postea
792 1771 867 1799 suo
896 1758 1054 1811 judicio
1087 1771 1192 1799 usus
1223 1761 1295 1812 est,
1328 1759 1386 1799 ita
1419 1762 1464 1799 ut
1498 1760 1589 1800 eius

114 1841 289 1880 mutatio
321 1853 407 1880 non
438 1841 725 1894 philosophica
756 1841 829 1882 sed
861 1841 1062 1882 litteraria
1096 1841 1282 1895 putanda
1315 1843 1379 1882 sit.

172 1923 231 1965 At
259 1925 394 1978 ipsam
426 1924 752 1979 disputationem
784 1925 1104 1979 aggrediamur!

146 2121 185 2162 2.
219 2123 282 2163 De
312 2121 520 2163 Piscatore
550 2124 589 2164 et
612 2122 691 2164 Bis
716 2122 930 2164 Accusata
962 2122 1196 2177 Quaeritur,
1223 2123 1323 2178 quid
1350 2124 1563 2166 Lucianus

394 2207 442 2247 de
469 2206 725 2261 philosophia
756 2211 792 2248 et
823 2206 871 2248 de
904 2206 1106 2248 rhetorica
1136 2208 1323 2249 senserit.

172 2348 284 2389 Ante
331 2351 490 2389 ceteros
537 2348 721 2402 dialogos
758 2347 948 2389 Piscator
978 2348 1099 2389 nobis
1130 2348 1373 2389 tractandus
1407 2349 1597 2403 videtur,

116 2432 190 2486 qui
221 2444 268 2473 eo
301 2432 474 2472 consilio
507 2445 530 2472 a
562 2431 747 2472 Luciano
780 2435 843 2472 est
875 2433 1067 2486 scriptus,
1100 2435 1148 2473 ut
1180 2432 1280 2486 quid
1310 2432 1359 2474 de
1378 2433 1590 2474 veteribus

116 2518 157 2556 et
202 2515 252 2556 de
294 2514 542 2569 aequalibus
584 2515 841 2569 philosophis
875 2516 1058 2567 sentiret,
1091 2515 1315 2556 lectoribus
1348 2519 1590 2570 exponeret.

176 2597 386 2652 Diogenes
432 2611 456 2638 a
502 2597 727 2652 sodalibus,
773 2601 820 2638 ut
861 2611 934 2652 pro
976 2599 1028 2639 iis
1065 2598 1190 2639 verba
1220 2598 1384 2652 faceret,
1417 2602 1587 2654 rogatus

118 2680 356 2722 Lucianum
397 2694 594 2722 accusare
634 2681 809 2736 fingitur
841 2682 1054 2735 (25—28),
1088 2682 1200 2736 quod
1230 2683 1274 2723 in
1306 2683 1591 2737 praecedenti-

119 2764 201 2806 bus
258 2764 433 2819 dialogis
486 2764 746 2807 venerabiles
802 2765 1070 2819 philosophos
1116 2765 1287 2820 indigne
1333 2767 1592 2808 traduxisset

120 2847 343 2903 ipsamque
378 2849 687 2903 philosophiam
719 2849 915 2890 omnium
946 2849 1186 2890 tradidisset
1216 2850 1332 2890 risui.
1365 2850 1404 2890 A
1436 2850 1592 2904 quibus
