1934 3334
861 352 943 393 105

173 493 501 546 peregrinatores
531 492 576 532 in
606 492 779 533 remotis
811 491 1052 546 regionibus
1070 493 1232 546 experti
1249 494 1399 544 essent,
1416 491 1640 533 constabat.

174 573 288 623 Quae
320 576 474 629 scripta
507 575 604 629 quia
632 575 771 615 omnia
789 575 1014 628 perierunt,
1033 575 1254 627 damnum,
1274 577 1477 628 quantum
1497 577 1643 628 potest,

170 661 341 712 exerpto
387 659 700 699 resarciendum
743 662 816 712 est,
859 658 969 712 quod
1011 658 1188 699 Photius
1231 658 1351 711 (Bibl.
1388 671 1420 699 c.
1458 658 1557 712 166)
1589 671 1643 699 ex

168 741 318 781 itinere
349 740 399 781 ab
425 741 609 781 Antonio
638 740 824 794 Diogene
852 744 1018 781 narrato
1054 740 1151 794 (τῶν
1180 739 1268 791 ὑπὲρ
1298 738 1445 786 &odam
1472 739 1644 781 ἀπίστων

170 823 274 872 λόγοι
321 821 408 877 κδ’)
456 823 576 864 nobis
618 824 798 876 tradidit,
840 824 912 865 sed
956 824 1092 864 multo
1133 824 1232 864 huic
1264 824 1417 877 exiguo
1451 828 1644 878 excerpto

170 910 389 961 praestant,
431 919 537 961 quae
577 906 791 948 Lucianus
835 907 885 948 de
928 907 1005 947 hoc
1045 907 1278 948 litterarum
1319 919 1471 961 genere
1502 920 1645 961 paroe-

171 989 287 1030 diaca
318 990 552 1030 imitatione
584 990 627 1030 in
660 989 782 1031 Veris
814 989 1012 1031 Historiis
1042 1003 1119 1031 nos
1153 990 1306 1031 docuit.

230 1071 528 1113 Fabulatorum
575 1073 715 1127 amplo
756 1085 908 1127 genere
940 1073 1105 1113 dicendi
1137 1076 1356 1126 assumpto
1390 1085 1433 1114 se
1467 1073 1646 1127 procella

171 1155 400 1209 sublatum,
432 1161 656 1210 postquam
691 1158 827 1197 varios
860 1170 981 1197 casus
1008 1157 1051 1196 in
1081 1158 1186 1197 mari
1212 1160 1351 1211 aperto
1370 1160 1409 1198 et
1427 1157 1470 1196 in
1489 1156 1643 1197 Bacchi

170 1240 312 1281 insula
359 1240 569 1294 subiisset,
609 1242 652 1280 in
695 1240 860 1281 Lunam
904 1241 1146 1294 pervenisse
1177 1244 1329 1281 narrat.
1360 1240 1509 1281 Varias
1542 1240 1645 1281 coeli

170 1324 361 1378 regiones
407 1337 657 1378 permensus
704 1325 747 1364 in
795 1323 1011 1365 Oceanum
1061 1337 1209 1365 rursus
1258 1324 1453 1378 delapsus
1500 1327 1562 1365 est
1608 1327 1648 1365 et

170 1408 281 1448 inter
312 1407 390 1448 alia
422 1408 607 1461 pericula
634 1407 714 1448 sibi
732 1407 924 1449 obeunda
942 1407 1206 1462 aliquamdiu
1223 1408 1266 1447 in
1286 1407 1484 1448 balaenae
1501 1410 1647 1448 ventre

172 1493 301 1532 vitam
346 1492 609 1532 sustentavit.
652 1491 791 1532 Etiam
824 1492 869 1532 in
902 1491 1131 1532 Beatorum
1165 1491 1311 1532 Insula
1343 1490 1505 1532 liberali
1537 1503 1647 1532 rece-

172 1579 271 1630 ptus
319 1578 380 1616 est
427 1575 622 1629 hospitio,
664 1574 735 1616 ubi
781 1587 877 1615 cum
922 1575 1087 1629 magnis
1127 1575 1325 1628 antiquae
1366 1573 1648 1628 philosophiae

173 1657 351 1699 ducibus
397 1659 625 1699 amicitiam
674 1659 894 1699 contraxit.
942 1657 992 1698 In
1040 1658 1111 1698 illa
1143 1658 1400 1712 optimorum
1435 1656 1649 1711 republica

173 1741 396 1796 Epicurus,
430 1755 512 1795 qua
544 1745 630 1782 erat
662 1741 909 1794 urbanitate,
937 1754 1090 1782 coenae
1108 1744 1281 1796 praeest,
1298 1745 1423 1795 atque
1440 1740 1649 1795 Diogenes

174 1838 294 1880 saepe
339 1829 432 1879 post
475 1826 716 1866 convivium
765 1825 907 1867 ebrius
950 1825 1072 1866 saltat
1114 1838 1209 1866 cum
1251 1824 1378 1865 Laide
1421 1825 1650 1878 meretrice,

175 1923 298 1964 quam
341 1922 517 1950 uxorem
556 1909 688 1950 duxit.
736 1909 924 1950 Socrates
957 1909 1153 1950 delicatos
1180 1910 1358 1962 juvenes
1390 1908 1504 1949 velut
1534 1908 1650 1961 Hya-

173 1993 363 2034 cinthum
396 1996 589 2046 sectatur,
621 1996 660 2034 et
691 1992 809 2033 Plato
842 1993 944 2034 alios
978 1993 1090 2034 cives
1123 1996 1369 2047 aspernatus
1402 1993 1445 2032 in
1477 1993 1643 2046 propria

174 2077 340 2118 civitate
372 2077 461 2117 suis
493 2071 657 2130 legibus
689 2075 922 2130 gubernata
954 2076 1070 2117 solus
1102 2075 1270 2117 habitat.
1305 2074 1438 2124 Quam
1471 2075 1648 2116 festivus

175 2164 236 2203 est
268 2161 517 2202 narrationis
548 2161 678 2214 locus,
711 2160 783 2202 ubi
816 2160 1003 2213 Ulysses,
1038 2173 1134 2201 cum
1166 2161 1210 2200 in
1243 2172 1290 2200 eo
1324 2162 1444 2212 esset,
1470 2162 1517 2199 ut
1534 2171 1649 2213 pere-

173 2246 404 2299 grinatores
435 2244 618 2285 insulam
651 2244 867 2285 beatorum
900 2244 1199 2298 relinquerent,
1227 2243 1440 2284 celerrime
1458 2244 1651 2296 accurrit,

173 2332 220 2370 ut
250 2328 409 2369 litteras
441 2328 661 2369 amatorias
693 2328 744 2369 ad
775 2327 952 2381 Calypso
984 2328 1135 2368 missas
1152 2326 1514 2381 proficiscentibus
1535 2339 1649 2367 man-

173 2413 298 2454 daret.
347 2411 437 2461 Quo
484 2412 668 2466 episodio
716 2412 766 2453 de
813 2412 998 2465 antiquis
1045 2410 1303 2465 philosophis
1347 2413 1387 2451 et
1430 2409 1584 2462 Ulysse
1626 2423 1650 2450 a

174 2494 360 2536 Luciano
407 2495 458 2536 ad
499 2496 754 2536 comicorum
798 2507 988 2535 normam
1022 2494 1250 2547 composito
1283 2492 1334 2533 ad
1366 2493 1650 2547 peregrinato-

173 2592 266 2619 rum
316 2590 451 2632 genus
499 2577 697 2618 narrandi
741 2577 874 2629 rediit,
921 2580 960 2618 et
1009 2590 1115 2630 quae
1161 2577 1315 2617 iterum
1362 2576 1563 2616 miracula
1605 2577 1648 2616 in

177 2661 341 2703 Oceano
383 2674 606 2715 perpessus
644 2660 781 2713 suerit,
808 2661 949 2714 jocose
980 2660 1202 2700 fabulatur.
1237 2658 1348 2708 Quid
1380 2662 1518 2700 autem
1553 2672 1650 2699 con-

176 2746 259 2786 silii
290 2744 503 2786 Lucianus
534 2745 577 2784 in
610 2744 732 2785 Veris
760 2743 959 2784 Historiis
987 2743 1217 2784 scribendis
1245 2742 1327 2783 sibi
1353 2743 1649 2796 proposuisset,

177 2828 344 2869 initium
393 2826 488 2867 libri
534 2827 677 2878 (1—5)
719 2839 795 2866 nos
839 2825 969 2878 docet,
1011 2825 1083 2866 ubi
1127 2838 1171 2866 se
1213 2827 1507 2879 argumentum
1550 2824 1650 2865 arri-
