1934 3334
824 339 878 379 63

123 481 312 534 piissima
357 492 452 534 erga
499 479 747 533 magistrum
793 477 920 519 verba
966 490 1063 518 cum
1110 477 1287 519 Luciani
1328 477 1469 518 indole
1511 490 1597 518 non

125 563 416 603 convenientia
452 562 701 615 judicarent,
743 562 843 603 satis
886 561 1082 602 audacter
1123 564 1257 602 totum
1300 561 1513 615 dialogum
1554 562 1597 601 in

125 645 301 687 dubium
340 648 598 687 vocaverunt
637 645 743 685 nihil
785 648 992 698 curantes,
1035 645 1148 698 quod
1190 645 1461 698 Fritzschius,
1492 645 1598 699 peri-

123 729 312 770 tissimus
352 728 586 770 Lucianeae
629 728 822 769 dictionis
859 728 1005 781 judex,
1049 728 1261 783 dialogum
1300 728 1352 770 ob
1385 729 1597 769 sincerum

125 824 358 852 sermonem
398 824 472 865 pro
513 812 698 865 genuino
741 823 863 865 opere
904 823 1067 865 semper
1111 811 1264 852 habuit.
1307 812 1394 852 Alii
1427 813 1598 853 satiram

123 895 191 936 vel
237 894 443 935 occultam
490 895 556 935 vel
603 897 788 948 apertam
834 907 878 935 se
924 894 1064 935 videre
1107 894 1319 948 putabant.
1365 894 1597 945 Chiebus1)

125 977 244 1018 dicit:
295 977 404 1030 „Qui
449 972 534 1018 uno
582 978 768 1031 magistri
817 989 1007 1018 sermone
1050 990 1094 1018 se
1140 978 1197 1018 ita
1243 979 1460 1019 institutos
1508 990 1598 1019 esse

123 1062 303 1111 credant,
336 1065 383 1103 ut
412 1062 640 1116 prudentes
673 1073 758 1102 uno
790 1061 856 1102 die
886 1060 983 1101 facti
1010 1060 1179 1113 fuerint,
1207 1073 1276 1102 eos
1305 1061 1417 1102 haud
1434 1061 1596 1102 occulte

123 1145 256 1186 eludit
294 1144 548 1186 Lucianus'’.
589 1144 822 1198 Moesius2)
868 1147 1030 1185 noster:
1069 1144 1309 1196 „Sententia
1340 1144 1516 1186 Luciani
1548 1146 1599 1186 de

119 1227 297 1282 Nigrino
330 1232 392 1270 est
422 1232 508 1269 tota
539 1227 744 1269 satirica''.
772 1228 822 1268 A.
850 1227 1041 1268 Schwarz
1061 1228 1112 1279 3):
1141 1227 1306 1268 Lukian
1335 1228 1510 1269 affectirt
1527 1229 1595 1270 ein

119 1310 528 1352 unbeschreibliches
572 1310 1068 1365 Gliickseligkeitsgefiihl
1112 1310 1218 1352 iiber
1254 1310 1458 1365 Nigrinus
1492 1311 1597 1352 Vor-

119 1397 212 1449 trag
238 1395 326 1436 und
353 1396 491 1436 macht
519 1395 650 1436 durch
675 1395 787 1436 diese
813 1394 981 1449 fingirte
1006 1394 1183 1436 Ekstase
1211 1395 1289 1436 den
1317 1396 1596 1437 lacherlichen

119 1478 311 1520 Versuch
343 1479 415 1520 des
446 1479 843 1533 Schulersiichtigen
876 1478 1157 1532 Philosophen
1190 1480 1266 1519 mit
1293 1479 1428 1520 dieser
1455 1478 1599 1520 Philo-

119 1561 264 1616 sophie
303 1563 426 1603 einen
468 1561 632 1603 Lukian
674 1575 752 1603 zur
791 1561 1120 1616 Bewunderung
1162 1562 1453 1604 hinzureissen
1487 1563 1596 1604 noch

119 1645 430 1687 lttcherhcherff’

175 1730 318 1784 Atque
348 1730 448 1771 haec
475 1729 642 1784 quidem
674 1730 877 1784 exempla,
906 1743 1013 1785 quae
1040 1730 1177 1784 lepide
1208 1731 1447 1784 ostendunt,
1464 1744 1597 1785 quan—

116 1815 257 1867 topere
311 1814 512 1868 philologi
559 1815 692 1855 nostri
738 1814 870 1855 seculi
918 1817 1004 1855 arte
1050 1814 1354 1868 interpretandi
1403 1814 1595 1868 calleant,

117 1895 299 1937 habetis:
341 1909 455 1937 nunc
497 1909 573 1951 age
615 1897 844 1938 convertite
887 1898 1049 1938 animos
1091 1897 1143 1937 ad
1175 1897 1313 1951 ipsum
1348 1895 1595 1938 Lucianum.

174 1977 316 2019 Primo
364 1982 597 2021 statuamus
641 1983 803 2034 oportet
844 1981 888 2020 in
931 1979 1080 2033 verbis,
1122 1993 1230 2034 quae
1259 1981 1349 2034 ipse
1380 1979 1596 2023 Lucianus

116 2062 161 2102 in
207 2062 368 2116 dialogo
414 2062 581 2104 locutus
629 2067 703 2117 est,
753 2076 805 2104 ne
843 2064 1109 2105 levissimum
1152 2064 1322 2117 quidem
1365 2065 1594 2119 vestigium

116 2146 266 2186 satirae
307 2148 450 2186 contra
490 2145 714 2200 Nigrinum
758 2147 935 2201 scriptae
966 2159 1179 2201 apparere,
1213 2147 1419 2188 occultam
1452 2151 1593 2189 autem

115 2227 228 2268 illam
275 2229 463 2278 ironiam,
496 2230 769 2283 quantumvis
801 2230 893 2271 aliis
926 2231 1203 2285 carissimam,
1235 2231 1381 2284 procul
1416 2245 1439 2272 a
1471 2231 1595 2274 nobis

117 2312 356 2355 habeamus.

174 2395 324 2451 Neque
369 2400 587 2451 praecepta
633 2411 657 2438 a
703 2395 880 2452 Nigrino
922 2398 1072 2438 tradita
1115 2396 1166 2438 ab
1199 2396 1286 2438 ulla
1317 2401 1434 2452 parte
1466 2397 1596 2453 digna

118 2483 229 2534 sunt,
271 2493 377 2534 quae
419 2480 632 2522 Lucianus
674 2481 877 2533 derideat3
921 2482 1095 2523 eandem
1129 2483 1240 2522 enim
1277 2481 1509 2523 doctrinam
1544 2483 1594 2524 de

117 2564 269 2605 studiis
309 2565 546 2606 mortalium
587 2566 813 2619 continent,
853 2578 901 2606 ac
931 2566 976 2606 in
1008 2565 1126 2606 Gallo
1159 2566 1299 2621 gallus
1336 2566 1589 2609 domesticus

161 2709 194 2752 1)
217 2711 254 2743 G.
279 2711 435 2745 Chlebus.
459 2711 510 2745 De
533 2712 680 2745 Luciano
703 2714 912 2755 philosopho.
936 2724 968 2755 p.
992 2713 1046 2745 27.

161 2770 195 2811 2)
219 2771 256 2803 A.
280 2772 379 2805 Mees.
404 2773 450 2805 De
473 2773 553 2805 Luc.
576 2774 709 2815 scriptis
729 2774 847 2815 juven.
874 2784 905 2816 p.
928 2773 982 2806 47.

160 2830 193 2872 3)
216 2832 255 2864 A.
278 2832 443 2866 Schwarz.
468 2833 576 2866 Ueber
599 2834 750 2866 Lukians
776 2834 952 2877 Nigrinus.
