1934 3334
831 363 884 403 35

120 505 289 545 minimi
334 504 440 557 facit,
485 506 638 558 postea,
685 516 781 544 cum
832 517 854 544 a
899 503 1094 558 Menippo
1138 504 1288 558 placita
1336 504 1582 556 cynicorum

121 591 340 629 mutuatus
387 591 508 642 esset,
551 587 722 628 robusta
762 600 933 640 corpora
966 591 1106 628 mente
1139 590 1279 629 tamen
1313 588 1510 629 destituta
1543 588 1593 629 ad

120 671 402 712 nullam'rem
437 670 632 724 prodesse
664 671 827 710 censuit
846 673 875 719 1)
909 669 992 722 (cfr.
1024 669 1130 711 Dial.
1147 670 1265 711 Mort.
1288 671 1352 724 10,
1371 670 1538 712 Charon
1556 672 1595 725 8,

120 753 194 795 ubi
242 753 371 794 Milon
418 752 675 794 Crotoniates
721 752 902 793 ludibrio
945 752 1147 803 habetur).
1194 753 1308 802 Quae
1352 754 1501 795 deinde
1542 753 1592 794 ab

120 837 405 878 Anacharside
448 837 497 877 de
534 836 836 890 Spartanorum
871 837 1004 890 rigida
1037 837 1283 878 educatione
1315 838 1398 890 (38,
1433 838 1499 888 39)
1536 837 1595 877 di-

121 924 288 975 cuntur,
331 921 488 975 optime
520 933 616 961 cum
653 919 813 960 urbana
845 919 1019 961 Luciani
1052 924 1201 962 natura
1235 922 1503 975 conveniunt,
1539 922 1596 961 ita

121 1008 168 1045 ut
200 1005 272 1044 vix
301 1018 324 1044 a
358 1017 452 1045 Vero
481 1003 682 1055 aberrem,
711 1017 806 1044 cuin
828 1004 1155 1045 Anacharsidem
1178 1005 1362 1058 primum
1384 1005 1596 1058 scriptoris

121 1100 227 1142 opus
255 1100 345 1128 esse
362 1091 512 1140 statuo,
530 1088 599 1128 cui
617 1088 826 1128 satiricam
848 1090 1041 1127 naturam
1055 1088 1151 1140 jure
1168 1088 1351 1129 tribuere
1370 1089 1596 1142 possimus.

180 1170 312 1212 Multo
359 1175 501 1212 tamen
549 1172 720 1211 maioris
769 1173 975 1212 momenti
1017 1175 1078 1213 est
1119 1174 1413 1225 controversia,
1446 1176 1591 1213 utrum

121 1253 334 1296 Lucianus
381 1255 424 1294 in
477 1253 675 1294 Toxaride
716 1255 927 1294 comicum
962 1254 1206 1308 exemplum
1243 1258 1412 1296 secutus
1447 1256 1511 1307 sit,
1543 1268 1596 1295 an

121 1337 343 1392 populares
374 1336 548 1390 fabulas,
580 1349 687 1391 quae
718 1338 761 1377 in
795 1338 989 1378 omnium
1025 1350 1094 1378 ore
1126 1337 1509 1391 circumferrentur,
1541 1338 1591 1378 ad

123 1422 347 1463 rhetoricas
388 1422 652 1462 recitationes
691 1423 969 1475 exornaverit,
1003 1435 1085 1475 qua
1118 1422 1171 1462 de
1206 1422 1462 1476 quaestione,
1494 1435 1591 1462 cum

124 1507 344 1558 tamquam
393 1505 577 1545 velitatio
621 1508 715 1545 ante
758 1505 868 1545 tertii
909 1505 1056 1558 capitis
1088 1518 1273 1558 pugnam
1310 1504 1498 1545 habenda
1532 1505 1594 1557 sit,

125 1588 329 1642 singulari
361 1587 659 1641 disceptabitur
691 1588 958 1642 paragrapho.

184 1672 425 1726 Antequam
475 1684 571 1712 vero
619 1671 669 1711 ad
715 1671 821 1711 hanc
868 1671 1193 1724 disputationem
1229 1674 1405 1723 transeo,
1440 1672 1589 1712 seriem

123 1755 360 1796 fabularum
393 1755 437 1795 in
468 1754 712 1806 Toxaride2)
747 1768 771 1794 a
798 1754 953 1795 Graeco
971 1753 1223 1806 etaScytha
1241 1758 1505 1795 narratarum
1525 1755 1591 1795 hic

125 1838 390 1893 subjungam,
436 1842 482 1879 ut
528 1838 712 1879 indolem
759 1838 1020 1891 fabellarum,
1064 1852 1168 1892 quas
1199 1839 1385 1879 rhetores
1424 1842 1599 1879 tractare

127 1922 336 1975 amabant,
368 1922 649 1976 cognoscatis:

131 2006 299 2045 12—19
330 2004 480 2045 fabella
514 2006 667 2046 erotica
698 2004 748 2045 de
780 2005 1020 2058 Agathocle,
1053 2006 1126 2058 qui
1157 2006 1289 2070 amico
1336 2004 1485 2047 Diniae
1516 2005 1597 2046 fal-

331 2089 464 2129 lacem
500 2087 701 2129 feminam
739 2089 888 2129 misere
922 2090 1093 2142 amanti,
1124 2089 1301 2130 fideliter
1333 2090 1459 2131 adest.

131 2172 299 2212 19-—22
330 2170 481 2211 fabella
513 2171 562 2211 de
594 2171 741 2223 amico,
776 2172 848 2224 qui
881 2171 1065 2212 sodalem
1101 2184 1122 2212 e
1155 2172 1372 2227 naufragio
1409 2176 1555 2214 servat.

131 2255 303 2295 22—24
334 2254 484 2295 fabella
522 2254 572 2294 de
604 2253 852 2307 Eudamida,
886 2255 959 2308 qui
992 2259 1168 2296 matrem
1205 2269 1324 2296 suam
1362 2257 1434 2296 uni
1468 2257 1602 2296 amico

336 2337 540 2391 alendam,
577 2337 693 2378 alteri
719 2337 849 2378 filiam
885 2338 1171 2379 collocandam
1203 2343 1454 2380 testamento
1487 2352 1600 2380 com-

338 2422 521 2464 mendat.

178 2613 214 2656 1)
248 2613 404 2655 Galenus,
438 2612 577 2646 Luciani
609 2613 768 2655 aequalis,
802 2612 934 2655 scripsit
967 2613 1023 2650 (ad
1059 2611 1223 2656 Thrasyll.
1262 2612 1341 2656 41):
1378 2614 1528 2645 σκάπτειν
1552 2615 1609 2646 καὶ

137 2675 256 2717 θερίζειν
292 2674 419 2706 ἅπαντά
454 2686 489 2705 τε
524 2673 632 2705 τᾶλλα
658 2676 742 2705 uxr->c
767 2673 858 2714 φύσιν
883 2673 1067 2716 ἐργάζεσθαι
1094 2676 1230 2713 κρεῖττον
1255 2674 1272 2711 ἠ
1297 2677 1382 2706 ›em-33
1407 2676 1603 2715 πκλκῖστρκν

137 2735 361 2776 γυμνάζεσθαι.

181 2796 216 2838 2)
263 2796 290 2828 J.
325 2796 509 2838 Guttentag
543 2797 604 2836 (De
637 2797 770 2829 subdito
807 2796 933 2837 dialogo
972 2795 1146 2836 Toxaride)
1183 2796 1276 2828 hunc
1310 2797 1434 2829 librum
1470 2800 1604 2838 propter

136 2857 386 2900 compositionis
409 2858 487 2889 vitia
512 2860 637 2889 temere
661 2868 680 2889 a
703 2857 850 2889 Luciano
879 2856 1092 2896 abjudicavit.
