1934 3334
864 349 918 389 59

149 489 290 528 catore
335 500 380 528 se
428 488 596 530 illorum
639 490 828 529 amicum
870 501 960 530 esse
991 488 1215 543 professus,
1243 502 1394 544 pravos
1426 490 1623 544 aequales

146 571 342 624 persequi
384 573 532 625 coepit.
573 571 715 612 Verba
755 575 908 625 tamen,
947 572 1102 626 quibus
1133 574 1222 627 ipse
1254 575 1430 628 scriptor
1460 574 1538 614 hac
1572 574 1622 615 de

146 655 378 695 mutatione
422 654 589 696 locutus
636 658 709 708 est,
759 655 928 696 difficile
972 655 1214 697 lectoribus⁴
1244 669 1382 697 veram
1426 658 1537 697 viam
1571 657 1622 697 ad

147 737 459 791 chronologiam
494 739 828 792 cognoscendam
862 742 1095 780 monstrare
1125 743 1313 794 possunt.

205 821 414 862 Accurate
445 822 574 876 igitur
606 823 848 863 testimonia
880 823 971 863 eius
1004 821 1314 864 exscribamus:

205 902 279 944 Bis
326 903 424 944 Acc.
470 905 547 944 32:
597 903 743 957 „Circa
782 905 836 944 40
871 917 1003 946 annos
1036 908 1160 946 natus
1192 906 1503 948 causidicorum
1535 910 1621 948 arte

147 989 186 1027 et
229 972 604 1029 declamationibus
648 988 823 1029 desertis
865 988 916 1029 ad
949 988 1161 1043 dialogum
1195 993 1235 1030 et
1267 1002 1408 1030 veram
1442 990 1622 1044 philoso-

143 1069 282 1123 phiam
314 1069 500 1111 transii.''

202 1151 389 1194 Piscator
445 1154 521 1194 29:
584 1153 829 1206 „Rhetorica
885 1156 971 1195 arte
1034 1154 1176 1196 relicta
1222 1155 1273 1196 ad
1319 1155 1623 1210 philosophiam

143 1236 353 1292 confugi.·''

204 1321 393 1363 Piscator
428 1322 451 1362 6
486 1325 525 1363 et
560 1322 635 1362 30:
673 1321 870 1376 „Semper
901 1323 1205 1377 philosophiam
1238 1323 1468 1365 admiratus
1487 1323 1620 1365 sum.”

203 1405 329 1446 Nunc
360 1404 573 1460 Diogenis,
601 1407 670 1446 cui
696 1405 911 1447 Lucianus
929 1407 1261 1448 adversariorum
1281 1407 1408 1448 verba
1424 1407 1622 1449 tribuisse

148 1489 327 1542 videtur,
360 1490 650 1531 testimonium
681 1490 925 1531 audiamus:

205 1573 394 1615 Piscator
441 1574 520 1614 25:
559 1573 798 1627 „Lucianus
829 1575 1034 1615 rhetorica
1066 1579 1153 1616 arte
1183 1575 1327 1616 relicta
1359 1575 1411 1616 ad
1441 1575 1624 1629 philoso-

147 1657 288 1711 phiam
321 1657 587 1698 deridendam
618 1657 825 1698 transiit.'’

204 1741 308 1782 Uter
339 1754 486 1782 verum
521 1742 639 1794 dixit,
670 1740 880 1796 Diogenes
912 1754 964 1782 an
997 1742 1086 1795 ipse
1117 1740 1362 1783 Lucianus?

206 1823 405 1879 Quinque
453 1825 606 1879 dialogi
654 1826 697 1865 in
740 1825 817 1865 hac
857 1825 1116 1879 paragrapho
1149 1825 1309 1866 collecti
1342 1825 1507 1879 adsunt,
1541 1826 1626 1880 qui,

146 1909 193 1948 ut
239 1906 474 1948 Lucianum
516 1907 727 1948 mendacii
761 1907 1102 1961 condemnemus,
1133 1906 1335 1962 Diogenis
1368 1909 1625 1949 accusationi

146 1990 378 2044 credamus,
411 1994 567 2045 cogunt
598 1994 724 2044 atque
756 1990 956 2045 flagitant.

208 2073 332 2127 „At,”
379 2078 498 2128 roget
545 2075 764 2128 quispiam,
811 2074 1047 2128 „quomodo
1090 2078 1173 2115 tam
1207 2075 1472 2128 impudenter
1503 2074 1626 2116 Luci-

146 2170 252 2198 anus
294 2159 463 2199 mentiri
500 2159 646 2212 potuit,
679 2171 775 2199 cum
808 2159 871 2199 illi
905 2159 1070 2213 dialogi,
1101 2160 1143 2199 in
1179 2158 1333 2212 quibus
1366 2151 1626 2202 venerabiles

147 2241 385 2296 philosophi
442 2242 685 2296 eluduntur,
743 2243 991 2283 contrariam
1040 2244 1287 2284 sententiam
1335 2247 1473 2297 aperte
1518 2244 1625 2284 indi-

147 2327 289 2365 carent
302 2323 350 2364 ?''

205 2407 355 2449 Postea
401 2408 540 2449 fusius
588 2408 895 2462 demonstrabo,
946 2409 1018 2450 sed
1063 2422 1177 2450 nunc
1205 2411 1291 2462 jam
1325 2409 1457 2451 obiter
1489 2411 1625 2453 dicere

146 2491 274 2532 velim
314 2490 549 2532 Lucianum
590 2493 633 2532 in
681 2491 878 2533 Vitarum
911 2493 1176 2545 Auctionem,
1209 2492 1282 2533 ubi
1314 2494 1626 2536 evidentissime

148 2575 343 2629 antiquos
375 2575 643 2629 philosophos
676 2576 889 2629 deriserat,
924 2576 1062 2629 verba,
1097 2577 1470 2630 quaeatotolibro
1487 2582 1626 2632 aperte

149 2658 315 2711 distant,
361 2659 590 2700 inseruisse
638 2663 678 2700 et
725 2673 830 2714 opus
864 2660 915 2701 ad
947 2661 1208 2714 sententiam,
1241 2662 1309 2701 cui
1341 2662 1384 2701 in
1415 2661 1627 2704 Piscatore

148 2742 338 2783 addictus
385 2746 483 2795 erat,
524 2744 874 2785 accommodasse.
908 2743 1000 2792 Qua
1031 2757 1075 2785 re
1106 2743 1319 2785 Lucianus
1352 2745 1533 2799 perfecit,
1567 2749 1623 2800 ut,

149 2826 184 2866 si
231 2837 278 2866 ea
323 2829 489 2867 tantum
520 2826 709 2881 legamus
736 2827 909 2881 judicia,
939 2840 1045 2881 quae
1077 2827 1294 2881 postmodo
1326 2828 1482 2869 inserta
1513 2832 1624 2883 sunt,
