1934 3334
853 351 935 391 107

169 489 212 530 ἐκ
252 491 319 530 τοῦ
360 492 569 531 Λουκιανοῦ
610 489 736 540 λόγου,
768 489 807 536 ὃς
839 489 1123 542 ἐπιγέγραπται
1155 492 1295 537 Λοῦκις
1326 489 1347 538 ἢ
1380 488 1510 545 ”Ονος,
1541 489 1562 538 ἢ
1595 491 1637 532 ἐκ

171 574 244 613 τῶν
275 573 434 614 Λουκίου
465 572 588 623 λόγων
619 574 828 625 Λουκιανῷ.
862 572 954 615 ἔοικε
985 574 1025 615 δὲ
1057 575 1208 624 μαλλον
1242 574 1258 614 ὂ
1289 574 1496 620 Λουκιανὸς
1514 589 1639 624 μετα-

169 653 370 706 γραφοντι,
404 654 485 696 ὅσον
517 655 690 707 είκαζειν.
723 656 780 703 τίς
812 656 886 708 γαρ
917 656 1037 708 χρόνῳ
1069 655 1332 708 πρεσβύτερος,
1366 655 1465 697 οὔπω
1499 654 1643 707 ἔχομεν

172 740 325 788 γνῶναι.
355 737 422 779 καὶ
454 737 528 790 γαρ
562 739 608 784 ὡς
640 739 717 779 ἀπὸ
749 738 922 784 πλάτους
953 741 1026 779 τῶν
1063 739 1218 780 Λουκίου
1244 737 1366 789 λόγων
1393 739 1409 779 ὁ
1437 739 1644 785 Λουκιανὸς

171 820 445 868 οἷπολεπτύνας
485 820 548 862 καὶ
588 820 776 873 περιελών,
819 820 890 862 ὅσα
930 821 986 872 μὴ
1019 821 1134 863 ἐδόκει
1165 822 1269 873 αὐτῷ
1301 822 1390 874 πρὸς
1422 822 1484 863 τὸν
1516 822 1645 863 οἰκεῖον

169 905 349 956 χρήσιμα
389 904 542 955 σκοπόν,
583 906 727 949 αὐταῖς
770 921 812 946 τε
853 903 978 953 λέξεσι
1020 904 1086 946 καὶ
1129 902 1352 952 συντάξεσιν
1394 905 1445 950 εἷς
1487 903 1553 945 ἕνα
1591 905 1644 945 τοὶ

173 987 290 1029 λοιπα
330 987 575 1040 συναρμόσας
616 987 740 1038 λόγον,
784 991 926 1034 Λοῦκις
967 987 988 1035 ἢ
1033 986 1151 1033 ’Ὀνος
1193 987 1393 1039 ἐπέγραψε
1429 988 1471 1028 τὸ
1513 987 1646 1028 ἐκεῖθεν

175 1071 418 1118 ὑποσυληθέν.
458 1070 570 1122 γέμει
612 1071 651 1112 δὲ
688 1072 704 1112 ὁ
735 1070 911 1122 ἑκατέρου
943 1070 1056 1121 λόγος
1087 1069 1334 1120 πλασμάτων
1369 1070 1439 1120 μὲν
1471 1071 1646 1123 μυθικῶν,

175 1156 435 1207 ἀρρητοποιίας
483 1154 522 1196 δὲ
569 1155 749 1207 αἷσχρας.
791 1154 892 1201 πλὴν
933 1155 949 1195 ὁ
993 1154 1063 1204 μὲν
1105 1153 1312 1199 Λουκιανὸς
1354 1153 1538 1193 σκώπτων
1581 1150 1648 1193 καὶ

177 1238 355 1291 διασύρων
397 1239 464 1286 τὴν
507 1240 733 1286 Ἑλληνικὴν
776 1237 1081 1288 δεισιδαιμονίαν,
1126 1236 1247 1288 ὥσπερ
1290 1237 1361 1277 κοὶν
1393 1240 1469 1282 τοῖς
1501 1234 1646 1282 ἄλλοις,

175 1322 238 1363 καὶ
283 1324 411 1363 τοῦτον
452 1321 695 1375 συνέταττεν,
738 1321 754 1362 ὁ
795 1321 834 1362 δὲ
876 1320 1033 1367 Λούκιος
1075 1319 1299 1372 σπουδάζων
1329 1335 1372 1360 τε
1402 1318 1469 1360 καὶ
1503 1318 1648 1364 πιστας

176 1404 335 1457 νομίζων
376 1404 448 1452 τας
489 1403 532 1453 ἐξ
572 1403 770 1457 ἀνθρώπων
812 1404 863 1451 εἷς
903 1403 1098 1451 ἀλλήλους
1136 1402 1469 1454 μεταμορφώσεις,
1502 1401 1574 1445 τας
1607 1417 1649 1442 τε

179 1486 222 1536 ἐξ
277 1486 429 1538 οὲλόγων
475 1489 525 1535 εἰς
570 1488 782 1540 ἀνθρώπους
828 1489 895 1528 καὶ
938 1486 1145 1540 ἀνάπαλιν,
1192 1485 1259 1527 καὶ
1305 1486 1367 1526 τὸν
1414 1484 1532 1526 ἄλλον
1578 1487 1651 1525 τῶν

178 1573 354 1612 παλαιῶν
387 1571 512 1621 μύθων
544 1569 651 1612 ὕθλον
683 1570 749 1612 καὶ
782 1570 992 1624 φλήναφον
1023 1574 1158 1623 γραφῇ
1192 1569 1391 1622 παρεδίδου
1423 1571 1554 1610 ταῦτα
1585 1566 1652 1608 καὶ

180 1655 423 1708 συνύφαινεν.

237 1739 336 1781 Jam
368 1741 412 1780 in
444 1741 576 1794 capite
606 1741 742 1794 primo
777 1740 861 1780 mei
892 1738 1000 1792 libri,
1034 1752 1163 1793 quam
1198 1737 1374 1779 obscura
1396 1740 1437 1778 et
1454 1735 1650 1790 ambigua

181 1823 321 1864 Photii
363 1822 492 1864 verba
532 1823 582 1864 de
623 1822 800 1864 Luciani
841 1834 993 1876 genere
1035 1820 1245 1863 scribendi
1283 1822 1433 1872 essent,
1466 1818 1656 1859 animad-

181 1908 301 1959 verti,
343 1919 481 1960 neque
522 1907 600 1947 hoc
642 1907 933 1947 testimonium
979 1905 1029 1946 de
1070 1905 1204 1946 Asino
1239 1904 1373 1957 magis
1405 1907 1468 1943 est
1499 1902 1656 1956 perspi-

181 2003 325 2043 cuum,
356 1990 413 2030 ita
444 1993 490 2030 ut
521 2002 603 2042 eos,
636 1990 709 2043 qui
742 1990 885 2030 omnia
915 1988 1178 2042 interpretari
1205 1986 1371 2039 vellent,
1399 1985 1450 2026 ad
1469 1985 1654 2026 diversas

183 2073 404 2114 devenisse
436 2073 664 2127 opiniones,
695 2072 816 2113 facile
846 2072 1075 2125 intellegas.

243 2155 354 2205 Quid
394 2157 506 2197 enim
550 2155 727 2196 Photius
768 2156 817 2196 de
850 2155 1015 2196 duobus
1047 2154 1166 2194 libris
1198 2167 1221 2194 a
1252 2165 1296 2194 se
1326 2153 1445 2193 lectis
1477 2150 1656 2192 statuit?

181 2239 361 2281 Lucium
393 2239 636 2280 Patrensem
667 2240 806 2280 varios
838 2238 1229 2291 Metamorphoseon
1263 2235 1403 2288 libros,
1431 2236 1504 2289 qui
1533 2236 1658 2275 mira-

183 2322 338 2364 bilibus
366 2324 653 2378 superstitiose
676 2322 851 2363 narratis
870 2324 1086 2373 scaterent,
1103 2320 1320 2373 scripsisse
1338 2319 1449 2360 dicit.
1469 2317 1656 2366 Quarum

183 2407 572 2461 Metamorphoseon
628 2406 734 2446 duos
790 2406 949 2459 priores
1007 2403 1136 2444 libros
1185 2402 1372 2444 eiusdem
1420 2402 1657 2456 argumenti

183 2490 314 2531 fuisse
346 2490 538 2541 declarat,
568 2490 612 2529 in
646 2501 729 2542 quo
761 2487 904 2528 fabula
921 2486 1132 2527 Lucianea
1148 2485 1403 2526 versabatur.
1422 2484 1656 2525 Lucianum

183 2578 325 2616 tamen
365 2575 525 2628 amplas
565 2574 824 2614 narrationes
867 2571 1179 2613 circumcidisse
1217 2573 1342 2623 atque
1372 2569 1519 2623 multa,
1551 2582 1658 2622 quae

186 2657 266 2699 sibi
311 2670 394 2698 non
443 2670 549 2712 opus
595 2669 686 2698 esse
731 2659 907 2711 putaret,
953 2655 1154 2704 omisisse,
1201 2657 1335 2694 cetera
1376 2665 1474 2693 vero
1517 2652 1660 2698 αὐταῖς

187 2738 311 2787 λέξεο-ι
343 2739 409 2781 καὶ
441 2737 665 2787 συντάξεσιν
696 2741 741 2780 in
774 2752 893 2780 suam
926 2737 1110 2778 fabulam
1143 2736 1410 2777 transtulisse
1438 2735 1550 2776 dicit.
1580 2734 1661 2776 Sed

189 2820 474 2866 cum'Lucius
506 2824 718 2865 Patrensis
745 2822 1033 2877 superstitiose
1060 2824 1281 2873 narrasset,
1298 2819 1511 2860 Lucianus
1528 2818 1658 2859 σκώπ-
