<?xml version="1.0" encoding="UTF-8"?>
<!DOCTYPE html PUBLIC "-//W3C//DTD XHTML 1.0 Transitional//EN"
    "http://www.w3.org/TR/xhtml1/DTD/xhtml1-transitional.dtd">
<html xmlns="http://www.w3.org/1999/xhtml" xml:lang="en" lang="en">
 <head>
  <title>
</title>
<meta http-equiv="Content-Type" content="text/html;charset=utf-8" />
  <meta name='ocr-system' content='tesseract 3.04.00' />
  <meta name='ocr-capabilities' content='ocr_page ocr_carea ocr_par ocr_line ocrx_word'/>
</head>
<body>
  <div class='ocr_page' id='page_1' title='image "./studialucianea00bolduoft_0118.png"; bbox 0 0 1934 3334; ppageno 0'>
   <div class='ocr_carea' id='block_1_1' title="bbox 1005 340 1089 380">
    <p class='ocr_par' dir='ltr' id='par_1_1' title="bbox 1005 340 1089 380">
     <span class='ocr_line' id='line_1_1' title="bbox 1005 340 1089 380; baseline 0 0"><span class='ocrx_word' id='word_1_1' title='bbox 1005 340 1089 380; x_wconf 86' lang='lat'>104</span> 
     </span>
    </p>
   </div>
   <div class='ocr_carea' id='block_1_2' title="bbox 308 477 1797 2210">
    <p class='ocr_par' dir='ltr' id='par_1_2' title="bbox 308 477 1797 2210">
     <span class='ocr_line' id='line_1_2' title="bbox 311 477 1794 536; baseline 0.002 -16"><span class='ocrx_word' id='word_1_2' title='bbox 311 492 334 520; x_wconf 87' lang='lat' dir='ltr'>a</span> <span class='ocrx_word' id='word_1_3' title='bbox 388 478 572 519; x_wconf 88' lang='lat' dir='ltr'>Luciano</span> <span class='ocrx_word' id='word_1_4' title='bbox 625 477 876 533; x_wconf 76' lang='lat' dir='ltr'>obJurgato?</span> <span class='ocrx_word' id='word_1_5' title='bbox 928 477 1113 531; x_wconf 83' lang='lat' dir='ltr'>„Notum</span> <span class='ocrx_word' id='word_1_6' title='bbox 1163 479 1252 521; x_wconf 91' lang='lat' dir='ltr'>est&#39;’</span> <span class='ocrx_word' id='word_1_7' title='bbox 1300 481 1502 535; x_wconf 90' lang='lat' dir='ltr'>inquiunt</span> <span class='ocrx_word' id='word_1_8' title='bbox 1545 481 1626 522; x_wconf 86' lang='lat' dir='ltr'>viri</span> <span class='ocrx_word' id='word_1_9' title='bbox 1670 481 1794 536; x_wconf 88' lang='lat' dir='ltr'>docti,</span> 
     </span>
     <span class='ocr_line' id='line_1_3' title="bbox 314 561 1792 620; baseline 0.003 -18"><span class='ocrx_word' id='word_1_10' title='bbox 314 562 556 615; x_wconf 84' lang='lat' dir='ltr'>„Pollucem</span> <span class='ocrx_word' id='word_1_11' title='bbox 591 561 802 603; x_wconf 74' lang='lat' dir='ltr'>Naucrate</span> <span class='ocrx_word' id='word_1_12' title='bbox 830 562 1055 603; x_wconf 84' lang='lat' dir='ltr'>oriundum</span> <span class='ocrx_word' id='word_1_13' title='bbox 1081 563 1392 618; x_wconf 83' lang='lat' dir='ltr'>Aegyptiacum</span> <span class='ocrx_word' id='word_1_14' title='bbox 1421 565 1632 606; x_wconf 87' lang='lat' dir='ltr'>nominari</span> <span class='ocrx_word' id='word_1_15' title='bbox 1658 577 1792 620; x_wconf 84' lang='lat' dir='ltr'>posse,</span> 
     </span>
     <span class='ocr_line' id='line_1_4' title="bbox 309 644 1791 700; baseline 0.001 -13"><span class='ocrx_word' id='word_1_16' title='bbox 309 648 349 687; x_wconf 90' lang='lat' dir='ltr'>et</span> <span class='ocrx_word' id='word_1_17' title='bbox 396 644 609 686; x_wconf 91' lang='lat' dir='ltr'>Lucianus</span> <span class='ocrx_word' id='word_1_18' title='bbox 657 645 707 686; x_wconf 89' lang='lat' dir='ltr'>de</span> <span class='ocrx_word' id='word_1_19' title='bbox 753 645 1023 699; x_wconf 81' lang='lat' dir='ltr'>Aegyptiacis</span> <span class='ocrx_word' id='word_1_20' title='bbox 1070 647 1202 687; x_wconf 82' lang='lat' dir='ltr'>servis</span> <span class='ocrx_word' id='word_1_21' title='bbox 1247 646 1476 700; x_wconf 86' lang='lat' dir='ltr'>loquitur.&#39;&#39;</span> <span class='ocrx_word' id='word_1_22' title='bbox 1509 645 1791 689; x_wconf 86' lang='lat' dir='ltr'>Consulamus</span> 
     </span>
     <span class='ocr_line' id='line_1_5' title="bbox 308 726 1791 784; baseline 0.002 -14"><span class='ocrx_word' id='word_1_23' title='bbox 308 731 399 783; x_wconf 86' lang='lat' dir='ltr'>ipsa</span> <span class='ocrx_word' id='word_1_24' title='bbox 430 728 581 770; x_wconf 85' lang='lat' dir='ltr'>verba:</span> <span class='ocrx_word' id='word_1_25' title='bbox 615 726 700 781; x_wconf 72' lang='grc' dir='ltr'>ὁρᾷς</span> <span class='ocrx_word' id='word_1_26' title='bbox 732 727 814 778; x_wconf 79' lang='grc' dir='ltr'>ἐμὲ,</span> <span class='ocrx_word' id='word_1_27' title='bbox 848 726 886 774; x_wconf 71' lang='grc' dir='ltr'>ὃς</span> <span class='ocrx_word' id='word_1_28' title='bbox 918 728 1062 780; x_wconf 77' lang='grc' dir='ltr'><em>πατρὸς</em></span> <span class='ocrx_word' id='word_1_29' title='bbox 1095 728 1167 778; x_wconf 78' lang='grc' dir='ltr'>μὲν</span> <span class='ocrx_word' id='word_1_30' title='bbox 1197 729 1375 780; x_wconf 68' lang='grc' dir='ltr'><em>ἀφανοῦς</em></span> <span class='ocrx_word' id='word_1_31' title='bbox 1407 729 1474 770; x_wconf 77' lang='grc' dir='ltr'>καὶ</span> <span class='ocrx_word' id='word_1_32' title='bbox 1506 728 1590 772; x_wconf 76' lang='grc' dir='ltr'><em>οὐδὲ</em></span> <span class='ocrx_word' id='word_1_33' title='bbox 1620 731 1791 784; x_wconf 82' lang='grc' dir='ltr'><em>καθαρῶς</em></span> 
     </span>
     <span class='ocr_line' id='line_1_6' title="bbox 308 810 1789 868; baseline 0.002 -15"><span class='ocrx_word' id='word_1_34' title='bbox 308 811 495 864; x_wconf 76' lang='grc' dir='ltr'><em>ἐλευθέρου</em></span> <span class='ocrx_word' id='word_1_35' title='bbox 541 810 738 862; x_wconf 69' lang='grc' dir='ltr'><em>ἐγενόμην,</em></span> <span class='ocrx_word' id='word_1_36' title='bbox 786 813 875 864; x_wconf 79' lang='grc' dir='ltr'>ὑπὲρ</span> <span class='ocrx_word' id='word_1_37' title='bbox 923 811 1003 855; x_wconf 77' lang='grc' dir='ltr'>Ξόϊν</span> <span class='ocrx_word' id='word_1_38' title='bbox 1048 812 1115 853; x_wconf 79' lang='grc' dir='ltr'>καὶ</span> <span class='ocrx_word' id='word_1_39' title='bbox 1159 815 1305 862; x_wconf 76' lang='grc' dir='ltr'><em>Θμοῦϊν</em></span> <span class='ocrx_word' id='word_1_40' title='bbox 1350 816 1538 868; x_wconf 86' lang='lat' dir='ltr'>(nomina</span> <span class='ocrx_word' id='word_1_41' title='bbox 1569 828 1789 857; x_wconf 82' lang='lat' dir='ltr'>servorum</span> 
     </span>
     <span class='ocr_line' id='line_1_7' title="bbox 310 890 1793 953; baseline 0.003 -17"><span class='ocrx_word' id='word_1_42' title='bbox 310 890 638 951; x_wconf 83' lang='lat' dir='ltr'>Aegyptiorum)</span> <span class='ocrx_word' id='word_1_43' title='bbox 671 895 957 942; x_wconf 74' lang='grc' dir='ltr'><em>δεδουλευκότος</em></span> <span class='ocrx_word' id='word_1_44' title='bbox 993 897 1089 950; x_wconf 80' lang='grc'>(24).</span> <span class='ocrx_word' id='word_1_45' title='bbox 1122 890 1360 951; x_wconf 70' lang='lat' dir='ltr'>At‘hercle,</span> <span class='ocrx_word' id='word_1_46' title='bbox 1393 899 1428 940; x_wconf 90' lang='lat' dir='ltr'>si</span> <span class='ocrx_word' id='word_1_47' title='bbox 1461 899 1555 952; x_wconf 89' lang='lat' dir='ltr'>quis</span> <span class='ocrx_word' id='word_1_48' title='bbox 1577 902 1705 953; x_wconf 85' lang='lat' dir='ltr'>patre,</span> <span class='ocrx_word' id='word_1_49' title='bbox 1720 899 1793 953; x_wconf 92' lang='lat' dir='ltr'>qui</span> 
     </span>
     <span class='ocr_line' id='line_1_8' title="bbox 309 980 1794 1037; baseline 0.003 -17"><span class='ocrx_word' id='word_1_50' title='bbox 309 980 524 1020; x_wconf 89' lang='lat' dir='ltr'>duriorem</span> <span class='ocrx_word' id='word_1_51' title='bbox 558 983 713 1021; x_wconf 84' lang='lat' dir='ltr'>sortem</span> <span class='ocrx_word' id='word_1_52' title='bbox 749 993 877 1034; x_wconf 89' lang='lat' dir='ltr'>quam</span> <span class='ocrx_word' id='word_1_53' title='bbox 913 980 1163 1035; x_wconf 83' lang='lat' dir='ltr'>Aegyptiaci</span> <span class='ocrx_word' id='word_1_54' title='bbox 1196 983 1308 1023; x_wconf 86' lang='lat' dir='ltr'>servi</span> <span class='ocrx_word' id='word_1_55' title='bbox 1335 982 1444 1035; x_wconf 90' lang='lat' dir='ltr'>tulit,</span> <span class='ocrx_word' id='word_1_56' title='bbox 1470 987 1587 1023; x_wconf 89' lang='lat' dir='ltr'>ortus</span> <span class='ocrx_word' id='word_1_57' title='bbox 1614 985 1688 1036; x_wconf 88' lang='lat' dir='ltr'>est,</span> <span class='ocrx_word' id='word_1_58' title='bbox 1704 982 1794 1037; x_wconf 83' lang='lat' dir='ltr'>ipse</span> 
     </span>
     <span class='ocr_line' id='line_1_9' title="bbox 308 1063 1792 1120; baseline 0.001 -16"><span class='ocrx_word' id='word_1_59' title='bbox 308 1063 374 1105; x_wconf 86' lang='lat' dir='ltr'>vel</span> <span class='ocrx_word' id='word_1_60' title='bbox 420 1067 536 1118; x_wconf 89' lang='lat' dir='ltr'>pater</span> <span class='ocrx_word' id='word_1_61' title='bbox 584 1064 674 1105; x_wconf 89' lang='lat' dir='ltr'>eius</span> <span class='ocrx_word' id='word_1_62' title='bbox 721 1065 764 1104; x_wconf 89' lang='lat' dir='ltr'>in</span> <span class='ocrx_word' id='word_1_63' title='bbox 812 1064 1006 1118; x_wconf 83' lang='lat' dir='ltr'>Aegypto</span> <span class='ocrx_word' id='word_1_64' title='bbox 1055 1069 1117 1105; x_wconf 88' lang='lat' dir='ltr'>est</span> <span class='ocrx_word' id='word_1_65' title='bbox 1159 1065 1316 1106; x_wconf 82' lang='lat' dir='ltr'>natus?</span> <span class='ocrx_word' id='word_1_66' title='bbox 1357 1064 1506 1106; x_wconf 82' lang='lat' dir='ltr'>Statim</span> <span class='ocrx_word' id='word_1_67' title='bbox 1540 1065 1592 1106; x_wconf 85' lang='lat' dir='ltr'>ad</span> <span class='ocrx_word' id='word_1_68' title='bbox 1622 1066 1792 1120; x_wconf 87' lang='lat' dir='ltr'>gravius</span> 
     </span>
     <span class='ocr_line' id='line_1_10' title="bbox 309 1147 1794 1202; baseline 0.001 -13"><span class='ocrx_word' id='word_1_69' title='bbox 309 1151 623 1202; x_wconf 79' lang='lat' dir='ltr'>argumentum,</span> <span class='ocrx_word' id='word_1_70' title='bbox 666 1148 779 1202; x_wconf 89' lang='lat' dir='ltr'>quod</span> <span class='ocrx_word' id='word_1_71' title='bbox 820 1147 1048 1202; x_wconf 87' lang='lat' dir='ltr'>proferunt,</span> <span class='ocrx_word' id='word_1_72' title='bbox 1084 1152 1371 1190; x_wconf 84' lang='lat' dir='ltr'>transeamus:</span> <span class='ocrx_word' id='word_1_73' title='bbox 1406 1149 1475 1190; x_wconf 90' lang='lat' dir='ltr'>ille</span> <span class='ocrx_word' id='word_1_74' title='bbox 1507 1149 1709 1191; x_wconf 88' lang='lat' dir='ltr'>inimicus</span> <span class='ocrx_word' id='word_1_75' title='bbox 1743 1148 1794 1190; x_wconf 85' lang='lat' dir='ltr'>de</span> 
     </span>
     <span class='ocr_line' id='line_1_11' title="bbox 311 1229 1792 1285; baseline -0.001 -13"><span class='ocrx_word' id='word_1_76' title='bbox 311 1243 355 1272; x_wconf 87' lang='lat' dir='ltr'>se</span> <span class='ocrx_word' id='word_1_77' title='bbox 389 1231 599 1285; x_wconf 83' lang='lat' dir='ltr'>loquitur:</span> <span class='ocrx_word' id='word_1_78' title='bbox 635 1230 756 1271; x_wconf 77' lang='grc' dir='ltr'><em>οὐκέτι</em></span> <span class='ocrx_word' id='word_1_79' title='bbox 788 1231 958 1277; x_wconf 78' lang='grc' dir='ltr'>Ποθεινὸς</span> <span class='ocrx_word' id='word_1_80' title='bbox 990 1229 1231 1282; x_wconf 71' lang='grc' dir='ltr'><em>ὀνομάζομαι</em></span> <span class='ocrx_word' id='word_1_81' title='bbox 1262 1231 1356 1272; x_wconf 73' lang='grc' dir='ltr'>ἀλλ’</span> <span class='ocrx_word' id='word_1_82' title='bbox 1389 1230 1458 1279; x_wconf 73' lang='grc' dir='ltr'>ἤδη</span> <span class='ocrx_word' id='word_1_83' title='bbox 1491 1236 1572 1278; x_wconf 76' lang='grc' dir='ltr'>τοῖς</span> <span class='ocrx_word' id='word_1_84' title='bbox 1606 1231 1695 1278; x_wconf 80' lang='grc' dir='ltr'>Διὸς</span> <span class='ocrx_word' id='word_1_85' title='bbox 1725 1229 1792 1272; x_wconf 76' lang='grc' dir='ltr'>καὶ</span> 
     </span>
     <span class='ocr_line' id='line_1_12' title="bbox 309 1312 1791 1369; baseline 0.001 -15"><span class='ocrx_word' id='word_1_86' title='bbox 309 1313 446 1362; x_wconf 73' lang='grc' dir='ltr'><em>Λήδας</em></span> <span class='ocrx_word' id='word_1_87' title='bbox 486 1312 621 1354; x_wconf 74' lang='grc' dir='ltr'><em>παισὶν</em></span> <span class='ocrx_word' id='word_1_88' title='bbox 652 1313 852 1364; x_wconf 74' lang='grc' dir='ltr'><em>ὁμώνυμος</em></span> <span class='ocrx_word' id='word_1_89' title='bbox 884 1313 1112 1364; x_wconf 71' lang='grc' dir='ltr'>γεγένημαι.</span> <span class='ocrx_word' id='word_1_90' title='bbox 1147 1314 1296 1369; x_wconf 84' lang='lat' dir='ltr'>Neque</span> <span class='ocrx_word' id='word_1_91' title='bbox 1328 1315 1429 1356; x_wconf 82' lang='lat' dir='ltr'>haec</span> <span class='ocrx_word' id='word_1_92' title='bbox 1460 1314 1588 1356; x_wconf 84' lang='lat' dir='ltr'>verba</span> <span class='ocrx_word' id='word_1_93' title='bbox 1618 1316 1663 1355; x_wconf 89' lang='lat' dir='ltr'>in</span> <span class='ocrx_word' id='word_1_94' title='bbox 1695 1314 1791 1357; x_wconf 86' lang='lat' dir='ltr'>Pol-</span> 
     </span>
     <span class='ocr_line' id='line_1_13' title="bbox 308 1397 1792 1453; baseline 0.001 -14"><span class='ocrx_word' id='word_1_95' title='bbox 308 1399 449 1439; x_wconf 89' lang='lat' dir='ltr'>lucem</span> <span class='ocrx_word' id='word_1_96' title='bbox 496 1398 606 1439; x_wconf 83' lang='lat' dir='ltr'>dicta</span> <span class='ocrx_word' id='word_1_97' title='bbox 648 1402 759 1452; x_wconf 89' lang='lat' dir='ltr'>sunt,</span> <span class='ocrx_word' id='word_1_98' title='bbox 794 1400 893 1453; x_wconf 89' lang='lat' dir='ltr'>quia</span> <span class='ocrx_word' id='word_1_99' title='bbox 924 1398 1138 1441; x_wconf 87' lang='lat' dir='ltr'>Lucianus</span> <span class='ocrx_word' id='word_1_100' title='bbox 1171 1403 1264 1441; x_wconf 88' lang='lat' dir='ltr'>tum</span> <span class='ocrx_word' id='word_1_101' title='bbox 1298 1400 1435 1441; x_wconf 88' lang='lat' dir='ltr'>dicere</span> <span class='ocrx_word' id='word_1_102' title='bbox 1468 1398 1664 1441; x_wconf 85' lang='lat' dir='ltr'>debebat:</span> <span class='ocrx_word' id='word_1_103' title='bbox 1699 1397 1792 1440; x_wconf 76' lang='grc' dir='ltr'><em>ἀλλ’</em></span> 
     </span>
     <span class='ocr_line' id='line_1_14' title="bbox 311 1479 1792 1534; baseline 0.002 -13"><span class='ocrx_word' id='word_1_104' title='bbox 311 1479 380 1528; x_wconf 72' lang='grc' dir='ltr'>ἤδη</span> <span class='ocrx_word' id='word_1_105' title='bbox 423 1481 475 1532; x_wconf 73' lang='grc' dir='ltr'>τῷ</span> <span class='ocrx_word' id='word_1_106' title='bbox 508 1481 616 1532; x_wconf 59' lang='lat' dir='ltr'>{repe}</span> <span class='ocrx_word' id='word_1_107' title='bbox 648 1483 721 1521; x_wconf 78' lang='grc' dir='ltr'>τῶν</span> <span class='ocrx_word' id='word_1_108' title='bbox 755 1481 844 1528; x_wconf 76' lang='grc' dir='ltr'>Διὸς</span> <span class='ocrx_word' id='word_1_109' title='bbox 876 1480 943 1522; x_wconf 77' lang='grc' dir='ltr'>καὶ</span> <span class='ocrx_word' id='word_1_110' title='bbox 975 1481 1115 1529; x_wconf 72' lang='grc' dir='ltr'><em>Λήδας</em></span> <span class='ocrx_word' id='word_1_111' title='bbox 1146 1482 1298 1524; x_wconf 74' lang='grc' dir='ltr'><em>παίδων</em></span> <span class='ocrx_word' id='word_1_112' title='bbox 1330 1482 1529 1533; x_wconf 71' lang='grc' dir='ltr'>ὁμώνυμος</span> <span class='ocrx_word' id='word_1_113' title='bbox 1560 1481 1792 1534; x_wconf 71' lang='grc' dir='ltr'><em>γεγένημαι.</em></span> 
     </span>
     <span class='ocr_line' id='line_1_15' title="bbox 311 1565 1795 1621; baseline 0.001 -14"><span class='ocrx_word' id='word_1_114' title='bbox 311 1565 427 1615; x_wconf 79' lang='lat' dir='ltr'>Quae</span> <span class='ocrx_word' id='word_1_115' title='bbox 459 1578 558 1606; x_wconf 91' lang='lat' dir='ltr'>cum</span> <span class='ocrx_word' id='word_1_116' title='bbox 592 1566 649 1606; x_wconf 89' lang='lat' dir='ltr'>ita</span> <span class='ocrx_word' id='word_1_117' title='bbox 682 1567 778 1619; x_wconf 91' lang='lat' dir='ltr'>sint,</span> <span class='ocrx_word' id='word_1_118' title='bbox 811 1579 896 1606; x_wconf 91' lang='lat' dir='ltr'>non</span> <span class='ocrx_word' id='word_1_119' title='bbox 929 1565 1095 1608; x_wconf 81' lang='lat' dir='ltr'>Julium</span> <span class='ocrx_word' id='word_1_120' title='bbox 1126 1567 1342 1609; x_wconf 87' lang='lat' dir='ltr'>Pollucem</span> <span class='ocrx_word' id='word_1_121' title='bbox 1369 1566 1752 1609; x_wconf 78' lang='lat' dir='ltr'>sed&#39;Dioscuridem</span> <span class='ocrx_word' id='word_1_122' title='bbox 1765 1568 1795 1621; x_wconf 88' lang='lat'>1)</span> 
     </span>
     <span class='ocr_line' id='line_1_16' title="bbox 309 1650 1795 1707; baseline 0.003 -17"><span class='ocrx_word' id='word_1_123' title='bbox 309 1650 493 1704; x_wconf 84' lang='lat' dir='ltr'>aliquem</span> <span class='ocrx_word' id='word_1_124' title='bbox 520 1650 730 1691; x_wconf 89' lang='lat' dir='ltr'>rhetorem</span> <span class='ocrx_word' id='word_1_125' title='bbox 759 1650 881 1692; x_wconf 90' lang='lat' dir='ltr'>nobis</span> <span class='ocrx_word' id='word_1_126' title='bbox 907 1652 1114 1706; x_wconf 83' lang='lat' dir='ltr'>ignotum,</span> <span class='ocrx_word' id='word_1_127' title='bbox 1141 1666 1164 1693; x_wconf 89' lang='lat' dir='ltr'>a</span> <span class='ocrx_word' id='word_1_128' title='bbox 1186 1653 1387 1707; x_wconf 83' lang='lat' dir='ltr'>scriptore</span> <span class='ocrx_word' id='word_1_129' title='bbox 1405 1653 1614 1707; x_wconf 87' lang='lat' dir='ltr'>designari</span> <span class='ocrx_word' id='word_1_130' title='bbox 1633 1665 1795 1706; x_wconf 84' lang='lat' dir='ltr'>censeO,</span> 
     </span>
     <span class='ocr_line' id='line_1_17' title="bbox 309 1733 1797 1790; baseline 0.002 -16"><span class='ocrx_word' id='word_1_131' title='bbox 309 1733 513 1788; x_wconf 87' lang='lat' dir='ltr'>nullaque</span> <span class='ocrx_word' id='word_1_132' title='bbox 548 1734 677 1788; x_wconf 87' lang='lat' dir='ltr'>igitur</span> <span class='ocrx_word' id='word_1_133' title='bbox 718 1747 846 1775; x_wconf 87' lang='lat' dir='ltr'>causa</span> <span class='ocrx_word' id='word_1_134' title='bbox 877 1734 1025 1788; x_wconf 82' lang='lat' dir='ltr'>obstat,</span> <span class='ocrx_word' id='word_1_135' title='bbox 1060 1737 1292 1789; x_wconf 82' lang='lat' dir='ltr'>quominus</span> <span class='ocrx_word' id='word_1_136' title='bbox 1324 1735 1561 1777; x_wconf 87' lang='lat' dir='ltr'>Rhetorum</span> <span class='ocrx_word' id='word_1_137' title='bbox 1594 1735 1797 1790; x_wconf 84' lang='lat' dir='ltr'>Praecep-</span> 
     </span>
     <span class='ocr_line' id='line_1_18' title="bbox 309 1817 1592 1873; baseline 0.003 -16"><span class='ocrx_word' id='word_1_138' title='bbox 309 1821 444 1858; x_wconf 87' lang='lat' dir='ltr'>torem</span> <span class='ocrx_word' id='word_1_139' title='bbox 479 1818 589 1858; x_wconf 84' lang='lat' dir='ltr'>circa</span> <span class='ocrx_word' id='word_1_140' title='bbox 625 1830 787 1858; x_wconf 87' lang='lat' dir='ltr'>annum</span> <span class='ocrx_word' id='word_1_141' title='bbox 824 1817 959 1872; x_wconf 76' lang='lat'>1652)</span> <span class='ocrx_word' id='word_1_142' title='bbox 994 1819 1199 1873; x_wconf 86' lang='lat' dir='ltr'>scriptum</span> <span class='ocrx_word' id='word_1_143' title='bbox 1233 1832 1324 1861; x_wconf 88' lang='lat' dir='ltr'>esse</span> <span class='ocrx_word' id='word_1_144' title='bbox 1356 1833 1592 1861; x_wconf 88' lang='lat' dir='ltr'>sumamus.</span> 
     </span>
     <span class='ocr_line' id='line_1_19' title="bbox 368 1900 1792 1958; baseline 0.003 -17"><span class='ocrx_word' id='word_1_145' title='bbox 368 1900 591 1942; x_wconf 87' lang='lat' dir='ltr'>Postremo</span> <span class='ocrx_word' id='word_1_146' title='bbox 626 1900 753 1942; x_wconf 83' lang='lat' dir='ltr'>Verae</span> <span class='ocrx_word' id='word_1_147' title='bbox 783 1900 998 1942; x_wconf 75' lang='lat' dir='ltr'>Historiae</span> <span class='ocrx_word' id='word_1_148' title='bbox 1030 1902 1136 1942; x_wconf 88' lang='lat' dir='ltr'>mihi</span> <span class='ocrx_word' id='word_1_149' title='bbox 1166 1902 1400 1945; x_wconf 88' lang='lat' dir='ltr'>laudandae</span> <span class='ocrx_word' id='word_1_150' title='bbox 1427 1907 1539 1957; x_wconf 87' lang='lat' dir='ltr'>sunt,</span> <span class='ocrx_word' id='word_1_151' title='bbox 1564 1904 1608 1944; x_wconf 90' lang='lat' dir='ltr'>in</span> <span class='ocrx_word' id='word_1_152' title='bbox 1637 1903 1792 1958; x_wconf 90' lang='lat' dir='ltr'>quibus</span> 
     </span>
     <span class='ocr_line' id='line_1_20' title="bbox 308 1983 1793 2043; baseline 0.003 -19"><span class='ocrx_word' id='word_1_153' title='bbox 308 1983 522 2025; x_wconf 87' lang='lat' dir='ltr'>Lucianus</span> <span class='ocrx_word' id='word_1_154' title='bbox 552 1997 687 2038; x_wconf 82' lang='lat' dir='ltr'>genus</span> <span class='ocrx_word' id='word_1_155' title='bbox 719 1985 951 2026; x_wconf 88' lang='lat' dir='ltr'>litterarum</span> <span class='ocrx_word' id='word_1_156' title='bbox 988 1986 1172 2027; x_wconf 88' lang='lat' dir='ltr'>secundo</span> <span class='ocrx_word' id='word_1_157' title='bbox 1192 2000 1229 2040; x_wconf 87' lang='lat' dir='ltr'>p.</span> <span class='ocrx_word' id='word_1_158' title='bbox 1249 1986 1319 2027; x_wconf 90' lang='lat' dir='ltr'>Ch.</span> <span class='ocrx_word' id='word_1_159' title='bbox 1338 2000 1376 2028; x_wconf 91' lang='lat' dir='ltr'>n.</span> <span class='ocrx_word' id='word_1_160' title='bbox 1396 1988 1793 2043; x_wconf 86' lang='lat' dir='ltr'>seculoasophistis</span> 
     </span>
     <span class='ocr_line' id='line_1_21' title="bbox 311 2068 1794 2127; baseline 0.003 -19"><span class='ocrx_word' id='word_1_161' title='bbox 311 2072 481 2108; x_wconf 87' lang='lat' dir='ltr'>strenue</span> <span class='ocrx_word' id='word_1_162' title='bbox 513 2069 747 2109; x_wconf 80' lang='lat' dir='ltr'>exercitum</span> <span class='ocrx_word' id='word_1_163' title='bbox 782 2072 822 2109; x_wconf 88' lang='lat' dir='ltr'>et</span> <span class='ocrx_word' id='word_1_164' title='bbox 853 2068 1078 2110; x_wconf 88' lang='lat' dir='ltr'>hominum</span> <span class='ocrx_word' id='word_1_165' title='bbox 1112 2070 1286 2111; x_wconf 88' lang='lat' dir='ltr'>auribus</span> <span class='ocrx_word' id='word_1_166' title='bbox 1303 2072 1597 2125; x_wconf 86' lang='lat' dir='ltr'>gratissimum</span> <span class='ocrx_word' id='word_1_167' title='bbox 1615 2084 1794 2127; x_wconf 81' lang='lat' dir='ltr'>exagge-</span> 
     </span>
     <span class='ocr_line' id='line_1_22' title="bbox 311 2152 1792 2210; baseline 0.004 -19"><span class='ocrx_word' id='word_1_168' title='bbox 311 2155 400 2191; x_wconf 82' lang='lat' dir='ltr'>rata</span> <span class='ocrx_word' id='word_1_169' title='bbox 441 2153 678 2193; x_wconf 88' lang='lat' dir='ltr'>imitatione</span> <span class='ocrx_word' id='word_1_170' title='bbox 720 2154 937 2206; x_wconf 73' lang='lat' dir='ltr'>expressit.</span> <span class='ocrx_word' id='word_1_171' title='bbox 979 2152 1131 2207; x_wconf 81' lang='lat' dir='ltr'>Magno</span> <span class='ocrx_word' id='word_1_172' title='bbox 1175 2154 1288 2194; x_wconf 90' lang='lat' dir='ltr'>enim</span> <span class='ocrx_word' id='word_1_173' title='bbox 1335 2155 1481 2196; x_wconf 85' lang='lat' dir='ltr'>ardore</span> <span class='ocrx_word' id='word_1_174' title='bbox 1521 2155 1593 2196; x_wconf 86' lang='lat' dir='ltr'>illa</span> <span class='ocrx_word' id='word_1_175' title='bbox 1634 2156 1792 2210; x_wconf 87' lang='lat' dir='ltr'>species</span> 
     </span>
    </p>
   </div>
   <div class='ocr_carea' id='block_1_3' title="bbox 312 2236 1791 2293">
    <p class='ocr_par' dir='ltr' id='par_1_3' title="bbox 312 2236 1791 2293">
     <span class='ocr_line' id='line_1_23' title="bbox 312 2236 1791 2293; baseline 0.003 -18"><span class='ocrx_word' id='word_1_176' title='bbox 312 2237 604 2277; x_wconf 86' lang='lat' dir='ltr'>narrationum</span> <span class='ocrx_word' id='word_1_177' title='bbox 638 2236 920 2290; x_wconf 79' lang='lat' dir='ltr'>excolebatur,</span> <span class='ocrx_word' id='word_1_178' title='bbox 954 2250 1061 2291; x_wconf 87' lang='lat' dir='ltr'>quae</span> <span class='ocrx_word' id='word_1_179' title='bbox 1093 2238 1136 2278; x_wconf 91' lang='lat' dir='ltr'>in</span> <span class='ocrx_word' id='word_1_180' title='bbox 1166 2237 1451 2279; x_wconf 88' lang='lat' dir='ltr'>describendis</span> <span class='ocrx_word' id='word_1_181' title='bbox 1480 2238 1659 2293; x_wconf 86' lang='lat' dir='ltr'>casibus,</span> <span class='ocrx_word' id='word_1_182' title='bbox 1684 2251 1791 2293; x_wconf 91' lang='lat' dir='ltr'>quos</span> 
     </span>
    </p>
   </div>
   <div class='ocr_carea' id='block_1_4' title="bbox 311 2471 1792 2869">
    <p class='ocr_par' dir='ltr' id='par_1_4' title="bbox 311 2471 1790 2696">
     <span class='ocr_line' id='line_1_24' title="bbox 355 2471 1789 2519; baseline 0.004 -16"><span class='ocrx_word' id='word_1_183' title='bbox 355 2471 386 2512; x_wconf 80' lang='lat'>1)</span> <span class='ocrx_word' id='word_1_184' title='bbox 412 2472 530 2504; x_wconf 84' lang='lat' dir='ltr'>Postea</span> <span class='ocrx_word' id='word_1_185' title='bbox 553 2483 593 2504; x_wconf 81' lang='lat' dir='ltr'>ex</span> <span class='ocrx_word' id='word_1_186' title='bbox 619 2473 921 2506; x_wconf 83' lang='lat' dir='ltr'>Hemsterhusiana</span> <span class='ocrx_word' id='word_1_187' title='bbox 943 2474 1089 2506; x_wconf 85' lang='lat' dir='ltr'>editione</span> <span class='ocrx_word' id='word_1_188' title='bbox 1113 2475 1258 2507; x_wconf 85' lang='lat' dir='ltr'>Pollucis</span> <span class='ocrx_word' id='word_1_189' title='bbox 1283 2475 1404 2516; x_wconf 84' lang='lat' dir='ltr'>(Praef.</span> <span class='ocrx_word' id='word_1_190' title='bbox 1430 2485 1502 2518; x_wconf 81' lang='lat' dir='ltr'>pag.</span> <span class='ocrx_word' id='word_1_191' title='bbox 1525 2474 1579 2509; x_wconf 87' lang='lat'>31.</span> <span class='ocrx_word' id='word_1_192' title='bbox 1605 2476 1663 2509; x_wconf 92' lang='lat' dir='ltr'>Ed.</span> <span class='ocrx_word' id='word_1_193' title='bbox 1687 2475 1789 2519; x_wconf 81' lang='lat'>1706)</span> 
     </span>
     <span class='ocr_line' id='line_1_25' title="bbox 311 2533 1790 2577; baseline 0.004 -14"><span class='ocrx_word' id='word_1_194' title='bbox 311 2533 448 2574; x_wconf 80' lang='lat' dir='ltr'>cognovi</span> <span class='ocrx_word' id='word_1_195' title='bbox 477 2534 549 2573; x_wconf 84' lang='lat' dir='ltr'>jam</span> <span class='ocrx_word' id='word_1_196' title='bbox 583 2534 791 2565; x_wconf 82' lang='lat' dir='ltr'>Palmerium</span> <span class='ocrx_word' id='word_1_197' title='bbox 815 2537 909 2574; x_wconf 74' lang='lat' dir='ltr'>(saec,</span> <span class='ocrx_word' id='word_1_198' title='bbox 933 2534 1040 2575; x_wconf 66' lang='lat' dir='ltr'>XVII)</span> <span class='ocrx_word' id='word_1_199' title='bbox 1068 2535 1269 2567; x_wconf 85' lang='lat' dir='ltr'>Dioscurum</span> <span class='ocrx_word' id='word_1_200' title='bbox 1292 2536 1462 2577; x_wconf 86' lang='lat' dir='ltr'>quendam</span> <span class='ocrx_word' id='word_1_201' title='bbox 1487 2537 1538 2568; x_wconf 89' lang='lat' dir='ltr'>vel</span> <span class='ocrx_word' id='word_1_202' title='bbox 1559 2537 1790 2570; x_wconf 87' lang='lat' dir='ltr'>Dioscuridem</span> 
     </span>
     <span class='ocr_line' id='line_1_26' title="bbox 312 2593 1790 2639; baseline 0.004 -15"><span class='ocrx_word' id='word_1_203' title='bbox 312 2593 366 2624; x_wconf 88' lang='lat' dir='ltr'>hic</span> <span class='ocrx_word' id='word_1_204' title='bbox 390 2594 556 2635; x_wconf 78' lang='lat' dir='ltr'>designari</span> <span class='ocrx_word' id='word_1_205' title='bbox 580 2595 768 2635; x_wconf 83' lang='lat' dir='ltr'>conjecisse.</span> <span class='ocrx_word' id='word_1_206' title='bbox 794 2595 887 2635; x_wconf 78' lang='lat' dir='ltr'>Quae</span> <span class='ocrx_word' id='word_1_207' title='bbox 910 2599 1025 2627; x_wconf 81' lang='lat' dir='ltr'>tamen</span> <span class='ocrx_word' id='word_1_208' title='bbox 1049 2605 1167 2627; x_wconf 84' lang='lat' dir='ltr'>causae</span> <span class='ocrx_word' id='word_1_209' title='bbox 1190 2597 1288 2628; x_wconf 85' lang='lat' dir='ltr'>illum</span> <span class='ocrx_word' id='word_1_210' title='bbox 1315 2607 1344 2629; x_wconf 92' lang='lat' dir='ltr'>v.</span> <span class='ocrx_word' id='word_1_211' title='bbox 1370 2597 1400 2628; x_wconf 92' lang='lat' dir='ltr'>d.</span> <span class='ocrx_word' id='word_1_212' title='bbox 1424 2597 1465 2628; x_wconf 87' lang='lat' dir='ltr'>ad</span> <span class='ocrx_word' id='word_1_213' title='bbox 1490 2597 1577 2629; x_wconf 86' lang='lat' dir='ltr'>hanc</span> <span class='ocrx_word' id='word_1_214' title='bbox 1596 2598 1790 2639; x_wconf 88' lang='lat' dir='ltr'>opinionem</span> 
     </span>
     <span class='ocr_line' id='line_1_27' title="bbox 312 2654 889 2696; baseline 0.009 -13"><span class='ocrx_word' id='word_1_215' title='bbox 312 2654 490 2694; x_wconf 81' lang='lat' dir='ltr'>moverint,</span> <span class='ocrx_word' id='word_1_216' title='bbox 516 2655 667 2686; x_wconf 87' lang='lat' dir='ltr'>invenire</span> <span class='ocrx_word' id='word_1_217' title='bbox 693 2666 760 2687; x_wconf 88' lang='lat' dir='ltr'>non</span> <span class='ocrx_word' id='word_1_218' title='bbox 785 2656 889 2696; x_wconf 87' lang='lat' dir='ltr'>potui.</span> 
     </span>
    </p>

    <p class='ocr_par' dir='ltr' id='par_1_5' title="bbox 311 2713 1792 2869">
     <span class='ocr_line' id='line_1_28' title="bbox 352 2713 1791 2762; baseline 0.005 -18"><span class='ocrx_word' id='word_1_219' title='bbox 352 2713 388 2762; x_wconf 70' lang='lat'>2)</span> <span class='ocrx_word' id='word_1_220' title='bbox 413 2714 488 2746; x_wconf 86' lang='lat' dir='ltr'>Non</span> <span class='ocrx_word' id='word_1_221' title='bbox 513 2716 622 2747; x_wconf 79' lang='lat' dir='ltr'>multo</span> <span class='ocrx_word' id='word_1_222' title='bbox 646 2720 719 2757; x_wconf 82' lang='lat' dir='ltr'>post</span> <span class='ocrx_word' id='word_1_223' title='bbox 744 2717 800 2748; x_wconf 86' lang='lat' dir='ltr'>Bis</span> <span class='ocrx_word' id='word_1_224' title='bbox 825 2718 1029 2749; x_wconf 80' lang='lat' dir='ltr'>Aceusatum</span> <span class='ocrx_word' id='word_1_225' title='bbox 1055 2718 1154 2750; x_wconf 83' lang='lat' dir='ltr'>Rhet.</span> <span class='ocrx_word' id='word_1_226' title='bbox 1180 2718 1293 2750; x_wconf 86' lang='lat' dir='ltr'>Praec.</span> <span class='ocrx_word' id='word_1_227' title='bbox 1307 2718 1392 2749; x_wconf 87' lang='lat' dir='ltr'>mihi</span> <span class='ocrx_word' id='word_1_228' title='bbox 1406 2718 1551 2759; x_wconf 85' lang='lat' dir='ltr'>scriptus</span> <span class='ocrx_word' id='word_1_229' title='bbox 1563 2728 1634 2751; x_wconf 86' lang='lat' dir='ltr'>esse</span> <span class='ocrx_word' id='word_1_230' title='bbox 1647 2719 1791 2761; x_wconf 85' lang='lat' dir='ltr'>videtur,</span> 
     </span>
     <span class='ocr_line' id='line_1_29' title="bbox 312 2774 1792 2817; baseline 0.005 -12"><span class='ocrx_word' id='word_1_231' title='bbox 312 2775 392 2815; x_wconf 77' lang='lat' dir='ltr'>quia</span> <span class='ocrx_word' id='word_1_232' title='bbox 427 2774 474 2816; x_wconf 71' lang='lat'>§8</span> <span class='ocrx_word' id='word_1_233' title='bbox 507 2779 539 2807; x_wconf 82' lang='lat' dir='ltr'>et</span> <span class='ocrx_word' id='word_1_234' title='bbox 566 2775 636 2817; x_wconf 66' lang='lat' dir='ltr'>§2ss</span> <span class='ocrx_word' id='word_1_235' title='bbox 660 2778 766 2809; x_wconf 76' lang='lat' dir='ltr'>nostri</span> <span class='ocrx_word' id='word_1_236' title='bbox 790 2778 866 2810; x_wconf 89' lang='lat' dir='ltr'>libri</span> <span class='ocrx_word' id='word_1_237' title='bbox 889 2781 922 2810; x_wconf 86' lang='lat' dir='ltr'>et</span> <span class='ocrx_word' id='word_1_238' title='bbox 947 2779 981 2809; x_wconf 89' lang='lat' dir='ltr'>in</span> <span class='ocrx_word' id='word_1_239' title='bbox 1008 2778 1075 2810; x_wconf 85' lang='lat' dir='ltr'>fine</span> <span class='ocrx_word' id='word_1_240' title='bbox 1100 2777 1169 2810; x_wconf 88' lang='lat' dir='ltr'>Bis.</span> <span class='ocrx_word' id='word_1_241' title='bbox 1193 2779 1267 2811; x_wconf 85' lang='lat' dir='ltr'>Ace.</span> <span class='ocrx_word' id='word_1_242' title='bbox 1292 2780 1431 2811; x_wconf 83' lang='lat' dir='ltr'>mentio-</span> <span class='ocrx_word' id='word_1_243' title='bbox 1446 2778 1485 2811; x_wconf 84' lang='lat' dir='ltr'>fit</span> <span class='ocrx_word' id='word_1_244' title='bbox 1511 2779 1551 2812; x_wconf 90' lang='lat' dir='ltr'>de</span> <span class='ocrx_word' id='word_1_245' title='bbox 1575 2780 1792 2813; x_wconf 87' lang='lat' dir='ltr'>matrimonio</span> 
     </span>
     <span class='ocr_line' id='line_1_30' title="bbox 311 2836 713 2869; baseline 0.005 -2"><span class='ocrx_word' id='word_1_246' title='bbox 311 2845 391 2867; x_wconf 86' lang='lat' dir='ltr'>eum</span> <span class='ocrx_word' id='word_1_247' title='bbox 416 2836 595 2868; x_wconf 78' lang='lat' dir='ltr'>Rhetorica</span> <span class='ocrx_word' id='word_1_248' title='bbox 619 2838 713 2869; x_wconf 79' lang='lat' dir='ltr'>inito.</span> 
     </span>
    </p>
   </div>
  </div>
 </body>
</html>
