1934 3334
533 1019 813 1068 CAPUT
860 1020 1283 1077 QUINTUM.
1474 1022 1489 1041 ⁴

227 1392 292 1426 DE
330 1391 549 1426 SORIPTIS
585 1391 846 1426 SENILIBUS
882 1392 942 1425 ΕΤ
978 1391 1291 1426 SUBDITICIIS.
1330 1392 1588 1427 EPILOGUS.

503 1543 540 1582 1.
575 1543 637 1583 De
668 1542 845 1583 Luciam
875 1543 985 1584 senis
1016 1542 1166 1583 misera
1194 1548 1311 1584 sorte.

225 1684 282 1724 At
326 1685 522 1737 provecta
557 1683 644 1735 jam
687 1686 901 1723 senectute
942 1686 1114 1737 repente
1155 1683 1303 1724 acerbo
1337 1697 1413 1724 suo
1447 1697 1639 1726 sermone

167 1767 341 1808 remisso
387 1765 604 1807 Lucianus
652 1778 673 1806 e
720 1778 890 1807 censore
937 1765 1098 1807 difficili
1145 1766 1326 1807 blandus
1369 1771 1409 1808 et
1455 1768 1641 1821 abjectus

169 1850 360 1891 adulator
398 1849 534 1890 factus
576 1853 651 1891 est.
682 1848 814 1890 Tenui
845 1862 889 1890 re
921 1853 1090 1890 coactus
1122 1849 1173 1890 ab
1205 1850 1390 1904 Aegypti
1422 1851 1642 1905 praefecto,

168 1937 216 1975 ut
261 1946 314 1975 ex
359 1932 559 1987 Apoloyia
604 1931 711 1972 effici
757 1936 903 1986 potest,
950 1946 1107 1974 munus
1154 1933 1383 1987 publicum,
1431 1935 1543 1988 quod
1590 1935 1641 1975 ad

164 2017 324 2071 judicia
344 2016 372 2070 1)
419 2017 673 2070 pertinuisse
719 2015 896 2069 videtur,
939 2016 1019 2057 sibi
1059 2018 1306 2070 impetravit.
1351 2017 1455 2058 Cum
1490 2018 1642 2059 idcirco

170 2100 220 2142 ab
252 2101 501 2141 adversariis
535 2098 614 2141 sibi
647 2100 812 2140 crimini
844 2099 1025 2153 daretur,
1053 2101 1176 2154 quod,
1203 2113 1310 2154 quae
1337 2101 1509 2155 pulchra
1525 2114 1644 2156 prae-

169 2188 288 2239 cepta
324 2185 368 2224 in
415 2183 605 2225 Mercede
640 2182 866 2224 Conductis
898 2183 1230 2237 praedicavisset,
1264 2184 1418 2225 oblitus
1450 2190 1570 2239 esset,
1603 2190 1644 2227 et

164 2270 259 2323 Jure
301 2269 461 2309 inimici
503 2267 640 2308 dicere
676 2269 867 2320 possent:
913 2268 1012 2315 μισῶ
1055 2265 1254 2317 σοφιστὴν,
1300 2263 1401 2312 ὅστις
1433 2267 1508 2318 οὐχ
1538 2267 1641 2320 0ιὺτῷ

168 2350 287 2405 σοφός
333 2352 471 2406 (Apol.
516 2352 554 2403 5)
599 2351 879 2404 sophistarum
921 2363 1035 2391 more
1075 2351 1306 2405 speciosius
1339 2365 1465 2405 quam
1499 2353 1640 2394 verius

169 2449 213 2479 se
255 2436 438 2478 defendit
480 2434 712 2476 mercedem
755 2447 873 2475 suam
915 2434 979 2474 οὐκ
1018 2432 1201 2479 ἰδιωτικὴν
1243 2434 1484 2488 significans
1528 2434 1637 2476 imi

167 2519 274 2572 παρὰ
302 2522 368 2560 τοῦ
402 2517 605 2568 fixo-micas,
639 2518 678 2558 οὐ
712 2517 848 2569 μικρὰν
880 2517 988 2558 ἀλλὰ
1018 2518 1310 2558 πολυτάλκντον
1344 2519 1439 2571 (13).

226 2602 442 2652 Quantum
482 2601 696 2643 Lucianus
729 2614 858 2643 senex
891 2601 941 2642 ab
973 2602 1045 2642 illo
1079 2603 1166 2642 viro
1198 2601 1370 2654 ἐλευθέρῳ
1397 2601 1464 2643 καὶ
1497 2618 1642 2657 παρρη-

209 2780 246 2824 1)
283 2782 477 2815 Dindorfius
508 2783 545 2814 in
575 2782 684 2814 Praef.
715 2781 800 2813 Edit.
825 2780 903 2814 Luc.
940 2792 970 2824 p.
994 2781 1015 2814 8
1039 2782 1228 2816 Lucianum
1253 2783 1644 2827 hypomnematographi

169 2853 312 2877 munere
334 2844 492 2877 sunctum
516 2852 588 2875 esse
612 2841 764 2883 conjecit.
