1934 3334
993 346 1044 385 90

345 524 384 563 7.
418 522 482 564 De
512 522 696 576 dialoyis,
730 524 771 563 in
801 523 949 578 quibus
982 523 1098 564 verba
1135 524 1287 576 Cynica
1319 523 1477 564 comicis
1507 523 1695 574 personis

888 607 1144 649 tribuuntur.

335 732 365 772 I.
398 731 541 773 <Iovem
573 732 831 786 Tragyoedum
846 733 872 784 1)
902 737 1042 774 utrum
1072 733 1122 774 ob
1150 734 1390 774 litterariam
1410 733 1586 773 formam
1604 733 1758 786 epoesi

277 819 317 856 et
359 816 541 870 pedestri
575 829 765 858 sermone
797 809 1069 871 compositam
1103 817 1300 871 Menippo
1334 830 1384 857 an
1419 820 1584 870 propter
1616 815 1758 856 Dami-

276 899 370 940 dem
411 881 665 954 Epicureum
711 900 958 942 Comoediae
996 900 1232 941 adscribere
1265 900 1458 941 deberem
1495 899 1579 951 (cfr.
1614 899 1758 940 fabula

275 982 531 1024 Menandrea
572 983 878 1035 Ἐπιτρέποντες,
923 984 996 1025 ubi
1036 985 1086 1025 de
1119 985 1347 1024 numinum
1381 983 1644 1038 providentia
1676 983 1758 1024 dis-

274 1066 453 1120 putant),
501 1067 574 1107 diu
621 1067 846 1118 haesitavi3
890 1068 1072 1122 denique
1117 1068 1328 1121 duplicem
1369 1072 1563 1108 naturam
1595 1067 1758 1108 admisi.

333 1150 494 1192 Deinde
548 1152 589 1191 in
639 1151 835 1205 Menippo
882 1156 922 1192 et
973 1151 1174 1204 Charone,
1222 1151 1389 1192 duobus
1436 1151 1553 1192 libris
1602 1150 1758 1203 Cynica

273 1236 461 1276 doctrina
516 1236 691 1289 refertis,
748 1237 978 1290 primarum
1032 1240 1192 1277 actores
1241 1237 1421 1277 comicos
1470 1248 1632 1289 pannos
1679 1247 1757 1276 suo

274 1321 439 1360 ornatui
487 1320 730 1361 adsuerunt.
778 1320 1002 1375 Menippus
1050 1321 1200 1374 pellem
1247 1321 1457 1361 leoninam
1501 1319 1552 1360 ab
1595 1320 1758 1361 Aristo—

273 1404 435 1457 phaneo
479 1403 655 1456 Baccho,
698 1403 861 1444 Charon
904 1417 926 1444 a
968 1403 1156 1444 Xanthia
1187 1404 1346 1444 dictum
1380 1403 1484 1444 illud
1523 1400 1631 1455 „vn-p>
1664 1402 1758 1452 ἐμοῦ

275 1487 307 1527 δ’
341 1486 463 1533 οὐδεὶς
495 1487 636 1537 λόγος”
672 1491 890 1529 mutuatus
923 1492 995 1529 est.

334 1571 467 1612 Multo
514 1576 653 1612 tamen
697 1572 851 1613 clarius
894 1572 1251 1626 Icaromenippus‚
1285 1571 1430 1612 Gallus
1463 1575 1502 1612 et
1531 1570 1756 1623 Tyrannus

274 1668 351 1695 nos
380 1655 541 1708 docent,
574 1656 784 1709 quomodo
818 1655 1032 1697 Lucianus
1062 1656 1301 1697 comoediae
1318 1655 1478 1696 auxilio
1499 1668 1603 1696 usus
1619 1654 1759 1707 fuerit,

275 1742 322 1778 ut
353 1740 581 1779 sententias
615 1739 794 1792 Cynicas
827 1740 1020 1780 redderet
1051 1740 1281 1780 hilariores.

332 1822 385 1862 Π.
432 1823 481 1863 In
529 1823 851 1878 Icaromenippo,
896 1825 1018 1864 cuius
1066 1828 1363 1877 argumentum
1392 1824 1479 1876 jam
1513 1823 1691 1863 novistis
1711 1823 1757 1876 2),

274 1907 352 1946 tria
385 1908 607 1948 satirarum
640 1921 805 1962 genera,
838 1921 945 1962 quae
977 1912 1100 1949 antea
1132 1908 1312 1961 singulis
1346 1907 1522 1961 dialogis
1555 1908 1758 1960 exercuit,

273 2004 388 2031 nunc
435 1992 659 2044 conjuncta
705 1993 916 2046 leguntur.
966 1992 1209 2046 Philosophi
1257 1992 1414 2044 (4—10
1465 1995 1505 2032 et
1556 1991 1758 2044 29—34),

275 2076 448 2116 deorum
482 2078 567 2117 vita
600 2077 826 2118 domestica
859 2079 1074 2129 (zi—34),
1108 2077 1247 2118 studia
1280 2076 1522 2117 mortalium
1542 2075 1757 2128 (ll—20),

276 2172 360 2211 qua
406 2163 505 2200 sunt
551 2161 765 2213 inanitate,
813 2161 1058 2201 eluduntur.
1115 2160 1275 2201 Verum
1319 2173 1403 2200 non
1442 2160 1529 2212 J'am
1564 2171 1756 2200 morosus

274 2243 483 2284 Saturnus
527 2245 585 2295 (in
630 2244 833 2296 Cronicis)
874 2245 940 2285 vel
984 2246 1073 2298 ipse
1116 2245 1291 2285 mordax
1323 2243 1549 2298 Menippus
1582 2243 1633 2284 de
1665 2255 1756 2297 per—

275 2339 395 2367 versa
442 2328 659 2368 hominum
710 2332 860 2368 natura
903 2329 1107 2382 queritur,
1137 2327 1364 2381 Menippus
1398 2330 1586 2368 mutatus
1619 2330 1682 2368 est
1713 2327 1756 2366 in

273 2410 654 2465 Icaromenippum,
692 2411 901 2452 Saturnus
933 2413 975 2452 in
1009 2412 1157 2452 Jovem
1193 2411 1463 2465 Epicureum.
1498 2410 1636 2459 Quam
1671 2410 1758 2451 dia-

274 2494 356 2547 logi
390 2498 582 2534 naturam
617 2495 667 2535 ad
701 2496 957 2535 comicorum
991 2494 1260 2535 festivitatem
1297 2498 1500 2535 mutatam
1527 2494 1617 2547 ipse
1635 2492 1758 2533 Luci-

273 2588 379 2615 anus
421 2577 591 2617 nomine
630 2577 961 2631 Icaromenippo,
996 2577 1109 2630 quod
1142 2577 1193 2617 ad
1227 2578 1481 2617 comicorum
1517 2576 1758 2630 exemplum

317 2779 349 2819 ’1)
373 2781 430 2812 cfr.
455 2791 485 2821 p.
511 2780 553 2812 80
578 2792 672 2813 meac
696 2783 774 2813 diss.

318 2839 352 2881 ΕΖ)
377 2842 435 2873 csr.
460 2851 490 2882 p.
515 2841 556 2873 58
582 2852 674 2874 meae
699 2843 775 2874 diss.
