1934 3334
845 340 896 380 41

195 477 254 519 At
294 477 505 520 Kockium
552 491 700 533 rogare
744 479 886 531 velim,
917 493 1021 521 num
1050 481 1232 535 juvenis,
1265 483 1338 536 qui
1369 483 1511 524 omnia
1541 497 1613 538 pa-

134 565 253 603 terna
283 563 392 603 bona
428 565 471 604 in
503 564 766 605 meretricem
797 565 1044 619 prodegerit,
1070 569 1155 606 tam
1185 567 1409 621 singularis
1435 580 1613 622 persona

136 646 180 685 in
204 645 367 687 'fabula
409 648 561 687 erotica
602 647 816 701 putandus
860 648 923 696 sit,
956 653 1014 701 ut,
1047 649 1082 689 si
1114 649 1196 689 duo
1229 651 1450 704 scriptores
1483 651 1532 691 de
1565 663 1612 692 eo

137 741 268 782 paene
294 729 450 774 iisdem
487 729 623 771 verbis
654 731 895 784 loquantur,
928 743 981 772 ex
1015 732 1160 774 eodem
1180 733 1293 774 fonte
1311 738 1612 788 argumentum

137 813 330 854 hausisse
363 813 548 855 debeant.

195 895 244 950 In
279 894 470 936 Convivii
502 897 631 951 igitur
664 897 1015 951 descriptionibus
1046 899 1163 952 ratio,
1201 912 1307 953 quae
1333 900 1443 941 inter
1468 899 1614 941 Lucia-

137 992 243 1020 num
294 982 333 1020 et
380 971 679 1033 Alciphronem
728 980 1025 1034 intercedebat,
1067 980 1217 1022 Kockii
1260 985 1616 1037 argumentationi

137 1062 251 1115 favit,
296 1063 363 1103 hic
399 1066 540 1104 tamen
575 1065 848 1117 congruentia
881 1067 1041 1105 constat
1074 1065 1117 1104 in
1149 1067 1295 1119 paucis
1327 1066 1478 1120 verbis,
1509 1080 1615 1120 quae

139 1159 224 1187 non
272 1147 315 1186 in
365 1159 451 1187 una
499 1146 767 1200 Alciphronis
814 1148 998 1201 epistola,
1046 1147 1117 1188 sed
1163 1149 1205 1188 in
1241 1149 1406 1190 duabus
1440 1149 1615 1191 diversis

139 1230 425 1270 inveniuntur.

201 1312 310 1362 Quid
343 1313 471 1367 igitur
500 1313 772 1354 statuendum
808 1313 900 1354 est?

197 1396 287 1437 Aut
318 1396 434 1436 nulla
465 1397 575 1436 inter
606 1396 710 1437 duos
741 1397 926 1438 rhetores
959 1401 1021 1438 est
1053 1398 1316 1438 necessitudo
1349 1423 1404 1427 —-
1439 1399 1511 1439 sed
1538 1399 1617 1439 hoc

141 1480 214 1519 vix
259 1478 456 1519 credibile
505 1504 557 1508 —
604 1482 677 1520 aut
718 1480 779 1520 illi
816 1478 1000 1531 στέφανοι
1033 1479 1303 1532 ἡμιμάραντοι,
1337 1480 1515 1521 συνοικίαι
1549 1479 1616 1521 καὶ

141 1562 252 1614 omos
295 1564 404 1604 inter
448 1563 520 1603 illa
568 1563 676 1604 dicta
724 1567 823 1604 sunt
869 1563 1084 1617 referendi,
1134 1577 1252 1618 quae,
1295 1565 1403 1605 sicut
1437 1564 1617 1607 Cobetus

143 1659 242 1688 vere
275 1647 574 1688 animadvertit
600 1646 663 1698 (V.
681 1646 724 1688 L.
752 1661 790 1702 p.
821 1648 914 1701 20.),
946 1648 1176 1702 Alciphron
1209 1661 1232 1688 a
1265 1647 1450 1689 Luciano
1482 1652 1616 1690 trans-

142 1731 248 1773 ferre
280 1730 447 1772 solebat.

207 1813 421 1868 Quidquid
463 1827 560 1855 vero
595 1814 644 1855 de
675 1815 752 1855 hac
785 1814 1009 1856 verborum
1045 1817 1318 1869 congruentia
1352 1816 1619 1857 statuendum

151 1901 224 1951 est,
269 1897 494 1951 Kockium,
542 1911 639 1938 cum
688 1898 813 1938 modo
851 1911 872 1939 e
904 1897 1088 1939 Luciano
1125 1899 1248 1939 modo
1283 1911 1335 1939 ex
1366 1899 1622 1953 Alciphrone

143 1980 271 2022 verba
315 1981 471 2035 eligens
514 1980 748 2034 fragmenta
782 1982 942 2021 comica
973 1982 1224 2035 restitueret,
1256 1982 1384 2022 nimis
1418 1982 1619 2023 audacem

141 2063 284 2116 fuisse,
323 2077 396 2118 pro
430 2067 540 2104 certo
574 2067 734 2115 statuo3
768 2067 814 2104 ut
847 2067 989 2105 tamen
1022 2065 1235 2118 specimen
1269 2066 1360 2106 eius
1394 2066 1494 2106 artis
1526 2078 1620 2119 cog-

142 2148 326 2188 noscatis
369 2150 409 2187 et
452 2148 493 2190 in
544 2148 790 2188 universum
838 2147 887 2188 de
928 2148 1178 2188 restituendi
1219 2149 1379 2188 ratione
1412 2148 1618 2201 quaedam

147 2231 427 2284 disputemus,
473 2231 597 2271 hosce
643 2231 855 2271 trimetros
905 2243 926 2271 e
971 2230 1176 2271 Toxaride
1226 2231 1309 2283 (15)
1343 2234 1382 2272 et
1419 2244 1472 2272 ex
1505 2233 1621 2286 epist.

145 2315 236 2355 Alc.
274 2316 309 2355 3.
344 2315 396 2355 50
430 2315 580 2368 petitos
613 2327 843 2368 apponam:

350 2399 389 2439 οὐ
420 2397 493 2450 γαρ
525 2397 631 2438 κατα
665 2402 776 2447 μῆλα
809 2396 876 2438 καὶ
908 2395 1124 2449 στεφάνους
1156 2398 1208 2438 τα
1240 2396 1321 2449 δῶρ’
1353 2395 1419 2449 ἔτι,

350 2480 433 2522 οὐδὲ
463 2481 689 2521 &ommim
722 2480 862 2531 χρυσὸν
894 2480 945 2526 εἷς
977 2479 1099 2525 αὐτὴν
1133 2479 1242 2529 Ιαόνον

349 2563 543 2616 κοέργύριον
575 2564 671 2604 αλλ’
704 2564 843 2616 οέγροὺς
875 2564 1060 2611 συνοικίαις
1093 2564 1123 2605 θ’
1159 2562 1262 2610 ἕλοις.

348 2649 422 2699 ἐγὼ
460 2649 493 2689 δ’
529 2648 716 2698 ὀδυνῶμαι
750 2650 843 2700 (πῶς
877 2648 1036 2699 δοκεῖςς)
1069 2647 1138 2693 τὴν
1172 2647 1326 2699 καρδίαν

348 2731 432 2783 ὁρῶν
467 2730 688 2784 ὑπορρέοντα
719 2732 781 2772 τὸν
813 2734 977 2772 πλοῦτον
1009 2730 1137 2781 βάδην

349 2814 386 2855 ὃν
418 2814 567 2862 Λυσίας
600 2814 785 2857 κατέλιπε
817 2814 881 2856 καὶ
915 2814 1180 2867 Φανοστράτη.
