1934 3334
857 337 910 376 53

144 476 216 515 aut
263 474 363 515 mali
410 474 529 529 dixit,
569 476 652 516 nisi
697 476 809 529 quod
848 488 991 517 eorum
1031 476 1215 531 dialogos
1247 479 1463 530 tamquam
1494 477 1620 519 nimis

142 557 362 619 obscuros,
374 558 625 613 improbavit
657 559 759 612 (34),
787 559 983 613 aequales
1010 572 1109 601 vero
1137 561 1190 614 (6,
1209 560 1245 614 7,
1264 561 1300 614 8,
1321 560 1388 612 11)
1416 560 1620 602 malevole

141 645 382 696 carpuntur.
414 641 651 684 Mercurius
683 643 794 683 enim
831 643 1033 697 quosdam
1060 643 1206 698 bonos,
1233 644 1388 685 multos
1416 644 1618 685 semidoc-

140 728 217 779 tos,
251 725 322 767 sed
353 726 558 780 plurimos
590 726 770 767 nefarios
803 727 985 768 inveniri
1013 727 1295 782 philosophos,
1322 727 1538 769 Justitiam
1567 729 1620 770 ad

139 810 290 849 terram
332 808 576 850 redeuntem
622 810 840 850 certiorem
882 809 980 850 facit
1011 813 1051 851 et
1082 810 1185 864 Pan,
1217 811 1320 852 deus
1352 811 1403 852 ad
1434 813 1617 866 procaci-

137 893 263 932 tatem
294 891 505 945 proclivis,
547 892 678 933 malos
713 892 762 933 de
794 892 982 934 moribus
1015 894 1266 947 sapientium
1298 907 1488 936 rumores
1520 908 1614 936 nar-

135 977 281 1027 rasset,
314 975 395 1015 nisi
428 973 614 1028 Justitia,
647 988 729 1029 qua
762 978 871 1016 esset
904 976 1101 1029 castitate,
1133 976 1425 1030 prohibuisset.

193 1057 377 1111 Veritus,
420 1071 473 1099 ne
503 1059 706 1113 gravitate
739 1062 778 1100 et
810 1059 1098 1114 philosophiae
1132 1073 1272 1102 amore
1303 1074 1464 1102 vacuus
1495 1063 1611 1104 vide-

133 1143 259 1194 retur,
303 1142 380 1182 tria
420 1141 587 1195 judicia,
626 1155 733 1196 quae
763 1143 898 1197 ipsius
931 1145 1181 1184 sententiam
1213 1144 1397 1185 indicare
1429 1149 1612 1199 possent,

131 1223 346 1266 Lucianus
387 1226 652 1279 pronuntiari
695 1225 825 1280 fingit.
857 1226 1000 1267 Primo
1034 1227 1278 1280 quaestione
1309 1230 1434 1281 mota,
1466 1231 1609 1270 utrum

132 1307 360 1348 Academia
402 1307 671 1349 Polemonem
714 1308 793 1350 sibi
834 1309 1050 1350 vindicare
1082 1311 1178 1363 jure
1209 1314 1362 1365 posset,
1393 1325 1446 1352 an
1479 1311 1608 1353 Vino-

130 1391 283 1432 lentiae
342 1393 644 1445 restitueretur,
701 1390 833 1438 Μέθην
891 1393 1208 1434 condemnatam
1266 1393 1418 1435 abiisse
1468 1398 1610 1436 narrat

131 1475 344 1527 (15—19).
400 1474 451 1515 In
509 1475 693 1516 secunda
739 1476 900 1516 actione
947 1474 1106 1522 Ἡδονήν
1152 1478 1368 1531 praeponit
1413 1477 1608 1521 Porticus

129 1559 370 1612 praeceptis,
402 1559 604 1610 (19-23)
636 1560 694 1599 ita
725 1562 863 1600 tamen
897 1562 945 1600 ut
977 1559 1030 1600 ad
1061 1559 1224 1613 Jovem,
1256 1574 1471 1602 summum
1495 1562 1607 1615 judi-

129 1654 219 1683 cem
275 1643 517 1696 provocatio
568 1646 704 1697 pateat
751 1643 848 1695 (12).
896 1642 1126 1697 Postremo,
1172 1646 1315 1685 utrum
1362 1645 1605 1700 Aristippus

128 1725 241 1777 οέρετῇ
285 1739 338 1766 an
380 1728 505 1778 τρυφῇ
538 1726 730 1767 addictus
762 1727 827 1781 sit,
861 1727 1092 1781 disceptare
1123 1731 1292 1769 veretur
1323 1730 1418 1781 (23).
1449 1729 1501 1770 In
1531 1729 1606 1771 Bis

127 1809 336 1850 Accusato
368 1811 498 1864 igitur
528 1809 763 1851 Lucianum
798 1812 994 1864 antiquos
1025 1811 1293 1865 philosophos
1321 1825 1406 1853 non
1433 1813 1604 1854 eluden-

127 1894 223 1945 tem,
270 1892 464 1946 aequales
511 1893 707 1933 maiorem
752 1896 913 1946 partem
957 1875 1276 1947 vituperantem,
1317 1895 1604 1950 philosophiae

127 1975 315 2016 studium
358 1988 443 2015 non
486 1976 576 2016 sine
615 1977 849 2016 reverentia
880 1988 1230 2018 commemorasse
1261 1977 1370 2019 clare
1401 1980 1604 2032 apparuit.

184 2058 228 2100 Si
283 2062 421 2100 autem
472 2059 546 2100 Bis
594 2060 852 2100 Accusatum
903 2073 999 2101 cum
1044 2060 1258 2102 Piscatore
1306 2065 1346 2103 et
1392 2061 1604 2117 Fugitivis

126 2143 315 2198 (dialogis
362 2156 497 2197 nuper
543 2145 797 2196 memoratis)
845 2144 1122 2199 conferamus,
1165 2147 1515 2201 contemptionem
1557 2148 1602 2188 in

125 2228 321 2281 aequales
364 2240 528 2282 semper
570 2231 824 2269 crescentem
868 2227 1156 2284 perspicimus,
1200 2230 1313 2272 unde
1345 2232 1468 2272 etiam
1500 2232 1603 2273 haec

125 2310 386 2364 dialogorum
418 2311 687 2365 chronologia
722 2312 922 2352 constitui
955 2325 1076 2366 posse
1109 2313 1296 2353 videtur:
1330 2315 1493 2368 primus
1525 2315 1599 2356 Bis

124 2394 375 2448 Accusatus,
421 2395 494 2436 ubi
537 2407 742 2436 numerus
787 2395 1012 2450 proborum
1058 2396 1282 2437 admodum
1326 2411 1507 2452 magnus
1540 2403 1604 2441 est

124 2478 195 2531 (8),
236 2479 448 2519 secundus
481 2478 680 2532 Piscator,
712 2478 784 2520 ubi
817 2478 912 2526 τινὲς
946 2478 1097 2527 ἀληθῶς
1129 2480 1364 2533 φιλοσοφίαν
1396 2480 1600 2533 ζηλοῦντες

123 2564 397 2603 nominantur
446 2562 548 2615 (37),
595 2566 831 2617 postremus
870 2563 1068 2619 Fugitivi,
1118 2564 1190 2606 ubi
1222 2570 1467 2608 manserunt
1499 2565 1601 2608 πάνυ

122 2644 252 2696 ὀλίγοι,
285 2644 358 2686 ὅσοι
390 2646 497 2697 ὀρθῶς
529 2649 809 2699 φιλοσοφοῦσιν
841 2649 938 2703 (24).

182 2728 297 2778 Quae
338 2731 466 2784 igitur
506 2730 719 2772 Lucianus
762 2732 812 2773 de
843 2733 1099 2787 philosophis
1131 2735 1175 2774 in
1206 2734 1280 2776 Bis
1313 2735 1523 2776 Accusato
1557 2738 1598 2777 et

123 2811 335 2854 Piscatore
358 2814 578 2869 judicavit,
597 2816 888 2870 exposuimus,
898 2817 983 2870 jam
1004 2817 1055 2858 ad
1071 2817 1313 2859 litterariam
1332 2819 1422 2860 eius
1439 2818 1598 2860 confes-
