1934 3334
864 387 917 427 99

156 525 362 579 discipulo
395 525 611 579 Theagene
638 525 872 566 Lucianum
897 525 1110 578 judicasse
1138 524 1363 579 probabilis
1391 527 1453 566 est
1484 525 1623 579 opinio

158 607 440 661 Bernaysii1),
489 609 573 662 qui,
615 609 716 662 quid
759 608 828 649 alii
871 609 1067 662 aequales
1111 608 1160 649 de
1201 612 1383 662 utroque
1414 609 1626 661 sentirent,

158 689 321 732 efficere
367 691 539 732 studuit.
590 690 749 732 Gellius
791 692 901 732 enim
934 692 985 743 (8.
1018 692 1042 731 3
1076 694 1116 732 et
1150 691 1213 731 12.
1249 691 1321 745 11)
1353 691 1625 745 Peregrinum

157 786 326 827 gravem
367 776 492 827 atque
533 777 793 815 constantem
835 775 978 814 virum
1020 773 1150 814 fuisse
1191 777 1231 815 et
1262 774 1381 814 utilia
1413 776 1629 827 praecepta

158 856 350 897 docuisse
382 857 583 905 declarat;
619 856 803 898 Galenus
837 857 975 909 (meth.
1009 856 1197 898 medend.
1231 857 1295 896 13.
1332 857 1399 905 15)
1431 857 1480 897 de
1501 856 1628 897 Thea-

157 952 274 994 gene,
304 943 351 981 ut
383 940 433 982 de
465 940 651 994 simplice
682 940 852 981 homine
886 942 925 981 et
957 939 1009 980 ob
1043 939 1273 980 doctrinam
1303 939 1459 981 Romae
1489 938 1629 992 nobili,

155 1023 382 1064 honorifice
415 1024 669 1064 mentionem
702 1023 811 1064 facit.

216 1106 274 1147 At
305 1106 356 1147 ob
389 1107 512 1147 aliam
540 1119 708 1148 causam
736 1119 862 1160 quam
892 1109 1059 1160 propter
1087 1106 1261 1147 crimina
1288 1107 1331 1146 in
1350 1106 1432 1147 duo
1452 1105 1630 1158 Cynicos

157 1188 325 1230 libellus
362 1189 412 1230 de
454 1188 588 1230 Morte
620 1188 837 1243 Peregrini
868 1188 1047 1229 nobilior
1077 1192 1160 1240 est,
1195 1201 1329 1242 usque
1359 1189 1410 1230 ad
1443 1188 1630 1230 medium

158 1274 350 1312 nostrum
381 1272 597 1313 saeculum
630 1272 765 1326 multi,
799 1272 911 1326 quod
940 1270 1154 1312 Lucianus
1186 1272 1330 1325 paucis
1360 1271 1631 1326 paragraphis

158 1355 209 1396 de
255 1354 501 1397 Christianis
547 1368 632 1396 non
680 1355 860 1410 benigne
898 1355 1142 1408 judicasset,
1183 1358 1315 1396 totum
1357 1355 1512 1396 librum
1555 1367 1630 1409 pro

159 1440 322 1480 occulta
368 1441 493 1481 satira
535 1441 578 1480 in
620 1443 834 1492 martyres,
872 1439 987 1480 velut
1023 1438 1235 1493 Ignatium
1266 1442 1305 1479 et
1337 1438 1633 1492 Polycarpum,

159 1522 407 1564 habuerunt.
442 1521 562 1571 Quod
594 1523 705 1577 apud
737 1523 839 1563 alios
873 1534 1043 1576 quoque
1075 1522 1297 1575 scriptores
1331 1521 1380 1562 de
1411 1521 1630 1576 Theagene

159 1609 200 1647 et
247 1606 297 1647 de
343 1606 569 1660 Peregrino
611 1609 737 1659 atque
779 1606 829 1647 de
869 1605 1041 1646 alterius
1083 1605 1320 1645 voluntaria
1360 1606 1491 1645 morte
1524 1607 1634 1645 esset

161 1700 308 1742 sermo,
334 1688 377 1729 id
402 1689 507 1728 nihil
534 1688 756 1741 curabant3
785 1701 923 1743 neque
952 1701 1094 1730 secum
1109 1688 1368 1742 reputabant,
1384 1687 1635 1741 Lucianum,

161 1772 198 1812 si
229 1771 483 1825 supplicium
515 1784 589 1825 pro
617 1771 698 1813 fide
727 1771 962 1813 Christiana
991 1772 1178 1813 subitum
1207 1772 1392 1813 deridere
1419 1771 1637 1825 voluisset,

162 1855 253 1908 ipsa
282 1858 516 1908 martyrum
549 1857 719 1896 nomina
750 1869 832 1896 non
867 1856 1113 1910 celaturum,
1145 1868 1282 1909 neque
1310 1858 1454 1896 contra
1480 1858 1632 1896 sectam

161 1939 245 1980 illis
286 1940 544 1994 temporibus
580 1940 718 1981 adhuc
749 1940 985 1994 despectam
1016 1941 1142 1981 tantis
1173 1939 1418 1994 ambagibus
1452 1952 1631 1980 usurum

163 2021 311 2064 fuisse.

222 2104 370 2159 Itaque
411 2107 552 2160 inepta
597 2106 674 2147 hac
720 2107 913 2160 opinione
953 2106 1104 2159 rejecta
1144 2118 1259 2146 nunc
1303 2105 1354 2145 ad
1385 2117 1471 2146 rem
1507 2105 1639 2145 maio-

164 2189 223 2229 ris
271 2190 471 2230 momenti
513 2189 881 2244 transgrediamur,
921 2192 962 2230 et
994 2189 1194 2243 quidnam
1227 2187 1439 2229 Lucianus
1472 2188 1521 2229 de
1552 2189 1639 2229 vita

164 2270 332 2325 publica
373 2275 413 2313 et
452 2273 656 2313 institutis
698 2273 929 2326 priscorum
974 2271 1303 2313 Christianorum
1336 2271 1466 2312 obiter
1498 2283 1638 2311 narra-

166 2356 284 2408 verit,
316 2355 642 2397 consideremus.

227 2437 463 2492 Christiani,
495 2440 554 2480 sic
587 2439 610 2491 §
646 2439 815 2479 11-14
841 2438 1038 2492 loquitur,
1066 2441 1165 2480 sunt
1190 2438 1392 2492 homines,
1410 2438 1482 2492 qui
1498 2438 1637 2478 virum

165 2522 209 2562 in
241 2521 478 2564 Palaestina
509 2535 632 2564 cruce
664 2535 918 2576 suspensum
951 2535 1156 2563 novorum
1183 2525 1391 2563 auctorem
1419 2522 1641 2574 mysterio-

165 2617 273 2658 rum,
305 2605 501 2646 omnibus
533 2605 786 2646 Graecorum
821 2605 908 2646 deis
941 2606 1101 2659 spretis,
1131 2606 1251 2658 quasi
1279 2605 1401 2646 deum
1430 2605 1573 2645 colunt
1601 2606 1645 2645 et

166 2688 402 2730 adorantur.
448 2689 805 2730 Immortalitatem
853 2692 1096 2743 exspectant
1141 2692 1266 2742 atque
1307 2691 1522 2742 propterea
1557 2691 1639 2729 ter-

210 2874 243 2918 1)
262 2876 290 2909 J.
315 2877 472 2920 Bernays,
496 2876 628 2909 Lukian
652 2876 719 2909 und
745 2876 798 2908 die
821 2875 983 2919 Kyniker,
1013 2886 1034 2918 p
1076 2874 1132 2908 14.
