1934 3334
877 344 957 383 115

243 486 440 526 Attamen
471 485 572 526 haec
608 484 847 538 „aliquanto
881 481 1086 523 deterior''
1111 482 1258 536 lingua
1284 495 1424 524 nonne
1456 495 1503 524 eo
1536 481 1659 522 modo

187 568 385 622 explicari
417 571 563 622 potest,
591 567 703 621 quod
727 565 940 607 Lucianus
958 565 1135 606 Lucium
1154 565 1409 619 Patrensem,
1427 566 1516 606 sine
1533 564 1661 605 dubio

184 665 270 693 non
313 653 498 693 sincerae
534 649 709 696 Ἀτθίδος
741 652 965 703 auctorem,
997 649 1140 693 αὐταῖς
1170 645 1294 695 λέξεσι
1326 646 1392 689 καὶ
1423 644 1659 697 συντάξεσιν,

186 739 232 777 ut
276 735 415 777 Photii
458 734 595 776 verbis
637 737 743 787 utar,
774 736 957 786 secutus,
989 745 1074 773 non
1107 745 1183 773 sua
1215 732 1287 774 sed
1318 733 1505 787 magistri
1535 730 1662 773 verba

184 809 316 860 nobis*
340 818 529 860 dederit?

243 900 335 950 Quo
382 901 579 954 scrupulo
625 899 826 940 liberatus
868 911 952 939 non
997 897 1154 951 dubito,
1189 898 1292 951 quin
1324 898 1484 938 Asinus
1516 897 1660 939 eodem

182 988 378 1039 tempore,
425 970 508 1038 quo
539 983 712 1024 Toxaris
743 986 783 1024 et
814 981 981 1036 Dialogi
1013 981 1239 1022 Meretricii
1271 981 1321 1022 ab
1353 982 1442 1035 ipso
1476 980 1660 1022 Luciano

181 1068 266 1110 fere
295 1068 623 1122 quadragenario
655 1067 708 1107 sit
740 1067 1010 1120 compositus,
1041 1068 1080 1106 et
1107 1065 1284 1106 libenter
1301 1066 1506 1106 assentior
1521 1064 1660 1106 verbis

181 1152 336 1193 codicis
367 1150 560 1192 Vaticani
595 1150 646 1191 90
682 1149 756 1203 (F),
790 1150 862 1204 qui
894 1150 938 1189 in
969 1147 1052 1189 fine
1079 1149 1204 1190 Asini
1232 1147 1421 1190 exhibet:
1450 1148 1659 1188 Λουκιανοῦ

181 1233 345 1285 ἐπιτομὴ
375 1236 449 1275 τῶν
480 1233 640 1274 Λουκίου
673 1231 1023 1284 μεταμορφώσεωυ.

237 1319 337 1359 Tota
377 1319 506 1372 igitur
543 1317 592 1358 de
627 1316 751 1357 Asini
784 1316 984 1369 scriptore
1018 1316 1263 1369 quaestione
1294 1315 1343 1355 ad
1376 1315 1537 1356 exitum
1570 1326 1662 1368 per-

181 1401 305 1442 ducta
360 1413 493 1454 pauca
542 1400 592 1440 de
639 1400 800 1440 ratione
846 1398 1072 1452 proferam,
1120 1411 1227 1452 quae
1272 1399 1380 1439 inter
1423 1397 1659 1438 fabularum

182 1485 404 1538 scriptores
444 1482 700 1524 intercedere
742 1482 843 1522 mihi
885 1482 1052 1523 videtur
1084 1485 1123 1523 et
1155 1494 1236 1535 eos,
1270 1482 1342 1535 qui
1373 1482 1417 1521 in
1447 1481 1512 1522 his
1544 1480 1660 1521 libris

181 1569 337 1622 primas
370 1571 500 1622 agunt
532 1570 683 1621 partes.

235 1651 330 1693 Jam
389 1665 528 1706 supra,
584 1664 682 1692 cum
739 1650 918 1704 lepidam
967 1650 1091 1691 Asini
1137 1653 1331 1691 naturam
1379 1649 1663 1703 defenderem,

179 1735 417 1790 opinionem
462 1733 625 1775 Rohdei
669 1733 862 1787 refutavi,
895 1734 967 1787 qui
999 1733 1179 1774 Lucium
1210 1733 1454 1774 Patrensem
1489 1745 1573 1773 non
1607 1733 1658 1773 de

178 1831 222 1860 se
268 1820 371 1873 ipso,
401 1819 473 1859 sed
506 1818 556 1859 de
590 1819 669 1859 alio
703 1819 747 1858 in
781 1818 946 1858 asinum
980 1821 1140 1858 mutato
1174 1818 1389 1858 historiam
1424 1817 1660 1857 narravisse

181 1903 375 1957 opinatus
421 1905 493 1944 est.
539 1901 718 1943 Prorsus
767 1902 889 1942 aliam
937 1902 1048 1942 viam
1090 1902 1184 1942 iniit
1216 1901 1401 1955 Biirger3
1435 1913 1530 1940 nam
1562 1899 1662 1940 licet

179 1985 356 2027 Photius
401 1986 524 2027 etiam
571 1985 651 2026 alio
699 1985 790 2026 loco
825 1984 951 2037 (Bibl.
983 1998 1016 2025 c.
1051 1984 1148 2036 166)
1190 1983 1370 2025 Lucium
1412 1983 1656 2024 Patrensem

179 2068 569 2124 Metamorphoseon
616 2071 828 2110 auctorem
879 2069 1080 2121 nominet,
1123 2071 1262 2109 tamen
1304 2068 1374 2119 ille
1413 2069 1479 2108 vir
1512 2067 1660 2109 doctus
1712 2090 1719 2096 ·

177 2153 256 2194 hoc
298 2166 404 2207 opus
445 2153 611 2194 satirice
657 2155 801 2193 contra
834 2152 974 2206 ipsum
1006 2151 1184 2192 Lucium
1218 2151 1462 2192 Patrensem
1493 2150 1543 2192 ab
1578 2151 1660 2192 alio

178 2235 300 2277 nobis
345 2236 487 2289 ignoto
530 2236 730 2289 scriptore
763 2236 1040 2289 compositum
1074 2248 1165 2277 esse
1195 2235 1330 2276 finxit.
1365 2234 1499 2284 Quam
1530 2236 1661 2290 igitur

178 2319 416 2374 paroediam
449 2332 485 2359 V.
518 2319 565 2360 ol.
597 2318 796 2360 Rohdeus
829 2320 872 2359 in
908 2319 1042 2360 Asino
1074 2319 1284 2360 Lucianeo
1317 2320 1534 2373 quaesivit,
1551 2320 1660 2360 hanc

177 2403 230 2444 ad
275 2402 629 2457 Metamorphoses
677 2402 843 2457 Biirger
887 2403 1116 2444 transtulit.
1157 2402 1222 2443 En
1263 2404 1417 2444 iterum
1449 2403 1656 2444 habemus

178 2486 292 2527 illam
323 2486 519 2528 latentem
553 2487 723 2528 satiram
758 2486 1013 2539 Pylaemene
1046 2486 1326 2527 vivaciorem!

237 2569 431 2612 Duorum
478 2574 617 2612 autem
658 2571 844 2611 virorum
888 2571 1105 2624 opiniones
1139 2573 1186 2611 ut
1217 2569 1323 2611 bene
1355 2570 1658 2624 discernantur,

178 2667 247 2696 eas
279 2656 339 2696 sic
368 2656 478 2696 inter
509 2667 553 2696 se
586 2667 810 2709 opponam.

234 2736 433 2779 Rohdeus
465 2738 584 2778 dicit:
622 2736 804 2790 „Lucius
835 2736 1048 2778 Patrensis
1074 2737 1117 2777 in
1144 2739 1309 2779 asinum
1340 2741 1531 2780 mutatus
1562 2750 1652 2779 esse

176 2833 202 2861 a
231 2819 415 2863 Luciano
449 2821 618 2863 demum
649 2822 692 2862 in
725 2821 859 2863 Asino
890 2820 1115 2876 fingitur.’'
