1934 3334
848 317 899 361 1'7

181 457 398 500 Hactenus
439 473 476 500 v.
509 459 544 500 d.
576 458 892 501 Rothsteinius!
927 460 981 501 Et
1009 461 1107 502 licet
1139 463 1263 502 ceteri
1296 463 1441 504 eadem
1477 478 1603 519 argu-

122 545 263 583 menta
294 556 377 584 non
410 543 629 598 proferant,
661 546 797 584 tamen
832 544 884 584 ad
914 558 1047 585 unum
1078 558 1223 587 omnes
1251 547 1383 588 eidem
1414 550 1601 602 opinioni

122 625 276 666 addicti
307 629 417 667 sunt.

179 695 377 750 Attamen
419 709 532 750 unde
564 711 767 764 sequitur,
801 711 836 751 si
867 709 1081 752 Lucianus
1115 713 1474 767 quadragenarius
1508 715 1601 757 rhe-

120 792 291 832 toricam
340 792 535 845 deseruit,
582 796 623 833 et
669 792 846 834 Mortem
891 793 1108 848 Peregrini
1151 808 1259 836 anno
1307 797 1389 836 165
1423 799 1603 852 scripsit,

121 887 216 915 eum
249 888 359 916 anno
395 876 476 916 125
511 879 655 916 natum
692 878 813 918 esse?

177 957 328 999 Nonne
361 959 597 1013 complures
627 962 728 1000 anni
754 961 1010 1002 intercedere
1037 965 1266 1015 potuerunt
1292 964 1402 1004 inter
1418 967 1599 1019 tempus,

120 1054 203 1095 quo
250 1042 496 1083 rhetoricam
544 1044 792 1097 repudiavit,
840 1048 879 1084 et
922 1057 1004 1098 quo
1046 1049 1222 1086 mortem
1256 1045 1472 1100 Peregrini
1506 1061 1598 1102 per-

119 1125 320 1165 strinxit?
353 1124 434 1173 Qui
467 1126 632 1167 tandem
664 1126 821 1167 factum
855 1130 930 1179 est,
969 1131 1015 1168 ut
1047 1140 1170 1168 nemo
1204 1129 1281 1169 hoc
1309 1132 1600 1184 perspexerit?

177 1207 323 1250 Statim
370 1221 538 1250 causam
587 1210 827 1264 explicabo:
878 1212 1058 1251 comicos
1107 1215 1146 1252 et
1191 1213 1361 1264 cynicos
1407 1214 1597 1268 dialogos

117 1290 349 1346 (Fugitivis,
383 1291 598 1346 Convivm,
630 1293 948 1348 Philopseudesi
960 1297 988 1346 1)
1022 1296 1236 1349 exceptis),
1266 1309 1371 1350 quos
1391 1309 1443 1338 ex
1461 1299 1594 1338 omni-

117 1373 198 1415 bus
244 1374 422 1416 Luciani
466 1376 660 1430 operibus
702 1376 852 1417 Kockii
894 1378 1053 1418 auxilio
1097 1381 1268 1430 secrevi,
1312 1392 1358 1420 eo
1391 1383 1591 1435 temporis

119 1459 250 1512 spatio
285 1460 461 1513 scriptos
495 1473 585 1501 esse
608 1461 708 1500 mihi
735 1464 907 1513 constat,
938 1461 1047 1514 quod
1076 1462 1295 1503 intercedit
1324 1464 1432 1505 inter
1461 1465 1594 1505 decla-

119 1542 321 1583 mationes
363 1543 589 1584 rhetoricas
632 1544 797 1584 relictas
830 1545 867 1594 (i.
903 1556 934 1584 e.
967 1545 1076 1584 circa
1111 1545 1482 1599 quadragesimum
1515 1547 1599 1588 Lu-

118 1626 227 1666 ciani
244 1628 416 1679 annum)
435 1630 474 1668 et
492 1630 669 1681 tempus,
687 1640 770 1680 quo
789 1626 964 1668 Mortem
984 1627 1201 1682 Peregrini
1217 1631 1452 1683 composuit
1469 1631 1599 1683 (165).

117 1708 197 1750 Sed
245 1710 324 1750 viri
368 1710 478 1751 docti
520 1711 683 1751 nullum
717 1711 943 1752 discrimen
976 1712 1086 1752 inter
1118 1713 1276 1761 satiras,
1311 1727 1417 1767 quae
1450 1719 1594 1757 contra

117 1794 312 1847 aequales
354 1796 530 1848 scriptae
564 1798 663 1835 sunt
697 1798 736 1835 et
767 1795 952 1849 dialogos
985 1797 1166 1837 comicos
1199 1801 1412 1839 servantes
1445 1811 1597 1839 secun-

117 1877 212 1917 dam
244 1881 418 1920 aetatem
450 1892 472 1919 a
507 1891 572 1919 me
605 1892 730 1932 supra
763 1879 986 1919 indicatam
1022 1879 1283 1933 ignorabant,
1318 1894 1401 1934 quo
1433 1882 1592 1923 factum

117 1964 190 2015 est,
236 1965 283 2002 ut
325 1961 438 2003 Mors
469 1962 686 2017 Peregrini
719 1963 858 2003 statim
892 1965 986 2016 post
1020 1963 1340 2005 declamationes
1374 1966 1539 2007 relictas
1573 1980 1596 2007 a

117 2043 304 2086 Luciano
351 2045 437 2087 fere
486 2046 816 2100 quadragenario
860 2047 1089 2100 composita
1132 2059 1222 2088 esse
1264 2051 1492 2101 putaretur.
1526 2048 1593 2090 Me

116 2132 256 2171 tamen
297 2129 440 2183 judice
486 2129 702 2171 Lucianus
749 2142 823 2184 per
870 2130 1107 2184 complures
1149 2145 1282 2173 annos
1327 2131 1517 2174 Comicos
1556 2137 1596 2175 et

117 2212 360 2268 Menippum
402 2215 592 2255 imitatus
625 2213 710 2255 fere
744 2215 1133 2268 quinquagenarius
1165 2214 1342 2257 Mortem
1375 2216 1593 2271 Peregrini

118 2309 227 2337 anno
274 2297 354 2336 165
389 2298 567 2350 scripsit,
600 2297 712 2338 unde
745 2309 841 2338 eum
874 2298 984 2338 circa
1016 2311 1173 2339 annum
1211 2299 1292 2339 115
1325 2303 1469 2340 natum
1504 2313 1596 2341 esse

118 2380 320 2433 sequitur.
367 2379 556 2421 Externo
600 2381 730 2434 igitur
762 2379 916 2421 Suidae
949 2381 1199 2423 documento
1232 2395 1323 2424 mea
1355 2384 1595 2437 conjectura

118 2462 169 2503 de
200 2466 399 2516 quattuor
430 2462 606 2504 Luciani
640 2463 846 2505 aetatibus
879 2464 1097 2506 manifeste
1128 2465 1341 2519 probatur.

176 2545 318 2601 Pergit
349 2546 502 2588 Suidas
536 2546 688 2588 referre
718 2546 951 2588 Lucianum
979 2549 1228 2591 Antiochiae
1255 2553 1476 2604 patronum
1496 2564 1599 2592 cau-

119 2642 261 2671 sarum
310 2630 453 2684 fuisse,
498 2630 571 2672 sed
612 2644 708 2672 cum
752 2644 818 2673 res
851 2632 887 2672 ei
919 2645 1003 2673 non
1037 2632 1142 2674 bene
1170 2633 1344 2688 cederet,
1377 2647 1420 2676 se
1453 2638 1589 2676 totum

164 2819 199 2862 1)
235 2821 273 2853 V.
284 2821 324 2853 cl.
359 2821 525 2855 Hartman
560 2822 596 2856 in
629 2831 690 2856 sua
713 2823 791 2857 diss.
817 2826 906 2856 recte
930 2821 1124 2863 Φιλοψευδῆς
1147 2824 1181 2857 in
1207 2819 1410 2863 Φιλοῲευδεῖς
1433 2823 1597 2857 mutavit.

1446 2886 1468 2918 2
