1934 3334
860 322 939 362 111

161 460 419 502 Goldbacher
438 461 467 513 1)
523 463 562 502 et
613 460 824 514 Burger‘2)
873 461 980 501 hanc
1028 461 1316 515 quaestionem
1365 461 1539 503 feliciter
1588 462 1640 503 ad

160 543 285 584 finem
318 544 617 597 perduxerunt.
649 543 814 597 Burger
846 543 957 584 enim
992 544 1125 597 capite
1154 544 1339 584 secundo
1368 557 1469 585 suae
1487 544 1639 585 disser-

159 627 327 667 tationis
370 626 606 680 complures
643 626 763 667 Asini
797 626 921 679 locos,
956 627 1028 679 qui
1062 638 1115 666 ex
1148 626 1303 680 Apulei
1334 626 1638 681 Metamorpho-

159 709 276 750 sibus
323 709 490 750 demum
539 708 589 749 ab
636 710 751 749 omni
791 712 907 763 parte
954 709 1139 763 intellegi
1181 713 1382 763 poterant,
1425 711 1642 764 prompsit,

157 792 270 833 unde
314 793 543 846 Apuleium
591 795 631 833 et
675 792 799 833 Asini
840 793 1084 845 scriptorem
1128 793 1342 834 materiem
1387 805 1441 834 ex
1485 793 1630 834 eodem

157 875 272 916 fonte
305 875 378 916 sed
412 875 632 928 sejunctim
666 875 856 916 hausisse
888 878 998 916 recte
1031 875 1249 916 conclusit.

218 957 310 1006 Quo
342 961 446 999 teste
463 958 657 999 instructi
674 957 872 998 Photium
889 961 985 998 ante
1001 961 1192 999 nostrum
1211 958 1397 1000 tribunal
1415 961 1637 1002 vocemus!

215 1040 328 1082 Dicit
372 1040 551 1082 Lucium
601 1043 640 1082 et
681 1040 915 1081 Lucianum
962 1041 1099 1087 άύτάῖς
1147 1039 1272 1088 λέξεσι
1314 1040 1382 1082 mc)
1413 1040 1638 1090 συντάξεσιν

158 1125 268 1165 inter
313 1136 357 1165 se
400 1125 636 1165 convenire.
678 1124 744 1164 En
776 1125 930 1165 adsunt
962 1125 1072 1178 apud
1106 1125 1337 1178 Apuleium
1371 1124 1566 1166 Latinum
1599 1129 1640 1167 et

158 1206 394 1249 Lucianum
433 1207 639 1249 Graecum
673 1209 984 1262 descriptiones,
1017 1222 1125 1263 quae
1157 1221 1288 1263 paene
1319 1210 1467 1251 iisdem
1500 1209 1640 1252 verbis

160 1293 260 1331 sunt
306 1304 548 1345 expressae3
598 1291 787 1333 conferas
834 1292 957 1333 modo
1002 1291 1105 1333 Luc.
1152 1293 1325 1333 27—34
1374 1305 1470 1334 cum
1514 1294 1641 1347 Apul.

160 1373 244 1414 VII
277 1375 447 1414 14—24
479 1378 519 1415 et
548 1374 647 1416 Luc.
681 1376 851 1416 35—40
880 1388 975 1416 cum
1003 1376 1127 1430 Apul.
1156 1376 1260 1416 VIII
1289 1377 1471 1417 23—31.
1490 1376 1641 1418 Nonne

160 1457 259 1498 inde
301 1458 528 1499 verisimile
561 1461 624 1499 est
654 1458 852 1499 Photium
885 1462 996 1500 recte
1028 1460 1078 1500 de
1110 1459 1331 1500 verborum
1366 1460 1641 1501 similitudine

162 1541 275 1596 apud
306 1545 535 1596 utrumque
569 1541 773 1583 Graecum
808 1543 1049 1597 scriptorem
1079 1543 1326 1596 judicasse?

218 1624 381 1666 Deinde
411 1625 586 1667 Photius
619 1626 798 1667 declarat
829 1625 1065 1667 Lucianum
1100 1627 1303 1680 quaedam
1337 1639 1358 1667 e
1390 1627 1640 1681 narratione,

161 1722 268 1763 quae
300 1709 380 1750 sibi
413 1722 497 1750 non
530 1708 709 1760 χρήσιμά
741 1713 891 1762 essent,
924 1713 1105 1758 περιελεῖν
1138 1713 1178 1750 et
1210 1722 1318 1764 quae
1345 1710 1424 1751 sibi
1452 1710 1641 1764 longiora

160 1792 403 1833 viderentur
432 1792 711 1833 άπολεπτῦνάι.
741 1792 891 1834 Denuo
919 1794 1128 1847 Apuleius
1156 1794 1362 1835 Photiana
1388 1793 1514 1835 verba
1543 1807 1640 1835 vera

160 1887 250 1916 esse
291 1876 481 1917 ostendit.
514 1876 730 1931 Biirgerus
763 1878 874 1918 enim
908 1877 1144 1931 complures
1175 1878 1289 1919 locos
1321 1878 1532 1930 indicavit,
1564 1878 1640 1918 ubi

160 1956 373 1999 Lucianus
418 1958 600 2000 fabulam
648 1962 865 2014 tantopere
908 1961 1129 2011 contraxit,
1176 1964 1222 2001 ut
1254 1961 1344 2001 sine
1375 1961 1531 2014 Apulei
1562 1972 1640 2014 ope

160 2041 346 2097 intellegi
391 2046 580 2096 nequeat.
628 2043 773 2084 Unum
822 2043 944 2084 modo
992 2043 1246 2097 exemplum,
1295 2043 1366 2084 ubi
1408 2044 1487 2083 viri
1530 2043 1640 2084 docti

161 2124 260 2165 olim
306 2124 461 2165 infelici
509 2126 746 2179 conjectura
787 2129 952 2166 textum
993 2126 1192 2166 traditum
1224 2129 1451 2179 tentarunt,
1484 2128 1640 2167 exscri-

161 2207 258 2248 bere
288 2207 399 2249 libet.
431 2207 734 2250 Boissonadius
767 2209 834 2261 (ad
863 2208 997 2250 Nicet.
1028 2209 1063 2249 1.
1096 2210 1163 2261 75)
1190 2210 1235 2249 in
1262 2209 1402 2250 verbis
1418 2208 1640 2251 Lucianeis

161 2288 247 2340 άγει
295 2306 346 2340 με
391 2291 572 2340 λαβοῦσά
619 2291 708 2343 πρὸς
755 2291 823 2338 τὴν
870 2291 980 2343 θύρσον
1023 2295 1089 2333 τοῦ
1137 2291 1342 2342 δωματίου,
1392 2290 1479 2333 ἔνθά
1509 2293 1641 2334 ἐκεῖνοι

160 2373 354 2416 ἐκάθευδον
387 2376 470 2427 (12)
503 2376 689 2427 haerens,
721 2375 771 2416 de
800 2376 852 2416 iis
883 2376 984 2416 haec
1017 2376 1204 2417 disserit:
1238 2375 1394 2428 „Credo
1422 2377 1640 2430 scripsisse

161 2456 394 2499 Lucianum
441 2457 558 2505 ἐκείνη
606 2457 814 2499 ἐκάθευδεν.
862 2459 945 2512 Agi
991 2471 1141 2513 nempe
1182 2459 1450 2500 manifestum
1495 2462 1557 2500 est
1590 2460 1640 2501 de

162 2540 371 2594 cubiculo,
416 2540 490 2582 ubi
535 2540 768 2595 Hipparchi
812 2542 1000 2594 conjunx
1041 2541 1222 2583 dormire
1267 2542 1435 2596 solebat,
1469 2556 1553 2583 non
1589 2543 1640 2584 de

203 2751 239 2793 1)
264 2751 451 2784 zeitschrift
474 2752 495 2784 f.
520 2751 666 2784 Oesterr.
693 2751 815 2794 Gymn.
840 2751 927 2784 1872
950 2752 1134 2794 (XXXIII).

205 2810 237 2852 2)
261 2812 296 2845 C.
322 2812 502 2854 Biirgerus.
527 2812 574 2844 De
598 2811 700 2844 Lucio
723 2812 887 2844 Patrensi.
913 2813 1039 2845 Berlin.
1061 2812 1159 2845 1887.
