1934 3334
1006 355 1059 395 60

290 512 386 541 eum
415 499 502 551 jam
533 498 655 537 antea
682 496 879 550 aequales
906 494 1137 550 flagitiosos
1154 498 1423 550 persecutum
1441 508 1532 539 esse
1548 497 1774 540 concedere

289 582 528 624 debeamus.

345 665 427 707 Sed
471 664 648 705 Luciani
693 663 867 704 artificio
910 663 1072 704 detecto
1105 663 1214 704 hanc
1249 663 1563 719 chronologiam
1595 677 1722 720 supra
1751 677 1775 706 a

285 762 352 791 me
385 749 625 802 indicatam,
659 747 790 789 solam
822 759 965 788 veram
999 759 1090 788 esse
1121 749 1255 801 patet:
1289 748 1467 801 scriptor
1500 748 1776 803 quadraginta

286 845 420 874 annos
447 835 580 891 *natus
613 845 636 872 a
670 830 1046 872 declamationibus
1081 831 1246 872 transiit
1274 831 1325 871 ad
1343 831 1542 886 dialogos,
1557 833 1601 873 in
1621 831 1776 886 quibus

285 918 555 959 Comicorum
589 919 630 958 et
661 915 849 970 Menippi
882 928 997 956 more
1030 916 1227 969 antiquos
1254 915 1523 970 philosophos
1549 917 1775 971 ipsumque

284 1001 574 1056 philosophiae
621 999 811 1040 studium
857 1000 1048 1039 omnium
1082 999 1187 1039 risui
1221 998 1402 1040 tradidit.
1437 998 1556 1040 Circa
1587 998 1661 1041 Bis
1692 999 1774 1040 Ac-

284 1087 483 1126 cusatum
516 1086 555 1124 et
586 1082 845 1124 Piscatorem
877 1082 1061 1136 demum,
1093 1094 1191 1123 cum
1225 1083 1412 1136 antiquis
1438 1083 1649 1137 magistris
1665 1082 1776 1124 vale-

289 1169 469 1210 dixisset
508 1170 547 1209 et
580 1180 656 1208 suo
685 1167 848 1220 judicio
881 1168 944 1208 uti
977 1167 1192 1221 coepisset,
1225 1167 1351 1208 simul
1385 1167 1673 1222 philosophiae
1705 1167 1775 1209 ad-

288 1253 463 1293 mirator
495 1254 534 1292 et
567 1251 807 1305 aequalium
842 1263 991 1291 censor
1022 1250 1157 1291 factus
1190 1253 1262 1291 est.

348 1336 391 1378 Si
440 1349 538 1378 vero
581 1337 677 1390 quis
722 1348 788 1377 me
831 1338 960 1390 roget,
1001 1348 1105 1376 num
1144 1334 1360 1376 Lucianus
1391 1337 1486 1389 post
1516 1334 1775 1378 Piscatorem

286 1432 435 1461 revera
480 1432 523 1460 se
560 1419 847 1473 philosophiae
879 1418 1049 1471 dederit,
1083 1421 1209 1472 atque
1242 1419 1332 1459 eius
1365 1417 1527 1459 indoles
1560 1418 1613 1459 ad
1643 1419 1776 1473 philo-

289 1505 482 1559 sophicas
518 1504 786 1558 quaestiones
815 1503 1070 1544 dirimendas
1098 1503 1249 1543 idonea
1265 1502 1403 1556 fuerit,
1420 1502 1557 1557 palam
1576 1502 1775 1545 confiteor

286 1602 500 1643 nusquam
546 1589 589 1628 in
633 1587 937 1642 posterioribus
981 1586 1178 1641 operibus
1214 1599 1281 1628 me
1314 1587 1565 1628 sententiam
1596 1587 1777 1630 alicuius

287 1673 529 1728 philosophi
561 1671 611 1713 ab
646 1684 693 1713 eo
725 1672 782 1712 ita
816 1675 1033 1712 tractatam
1064 1672 1290 1724 invenisse,
1323 1675 1369 1712 ut
1397 1671 1534 1725 ipsius
1563 1672 1781 1726 scriptoris

288 1757 480 1799 studium
524 1755 590 1797 vel
632 1768 809 1796 acumen
852 1755 1047 1809 prodiret.
1087 1754 1175 1796 Nec
1209 1755 1387 1796 mirum:
1422 1753 1635 1797 Lucianus
1665 1758 1778 1810 post-

287 1855 417 1895 quam
461 1840 512 1881 ad
557 1840 927 1894 quadragesimum
971 1852 1129 1879 annum
1172 1838 1313 1879 rhetor
1354 1838 1435 1879 fuit
1470 1851 1607 1893 neque
1640 1839 1775 1881 ullum

287 1925 627 1980 philosophicum
670 1926 968 1977 argumentum
1006 1923 1155 1976 attigit,
1186 1925 1277 1963 tum
1312 1935 1385 1976 per
1418 1923 1601 1964 comicos
1633 1926 1777 1978 poetas

289 2013 329 2050 et
362 2009 609 2063 Menippum
637 2008 851 2049 satiricum
881 2007 1187 2061 philosophiam
1215 2008 1423 2061 cognovit.
1455 2005 1616 2056 Quodsi
1633 2010 1777 2061 postea

288 2092 524 2147 Epicurum
556 2095 596 2133 et
627 2091 915 2133 Democritum
952 2091 1094 2145 magni
1118 2090 1229 2144 fecit,
1257 2104 1342 2131 non
1359 2091 1508 2131 intima
1525 2091 1776 2145 placitorum

288 2163 436 2217 notitia
482 2179 677 2217 nostrum
724 2177 969 2229 scriptorem
1014 2188 1111 2215 cum
1154 2175 1237 2215 illis
1281 2175 1516 2228 conjunxit,
1558 2174 1631 2216 sed
1665 2175 1777 2229 quia,

288 2265 336 2302 ut
382 2261 597 2302 Lucianus
644 2262 745 2315 ipse,
787 2261 932 2314 populi
975 2260 1288 2314 superstitionis
1333 2259 1561 2300 adversarii
1591 2259 1775 2301 fuerunt.

289 2344 451 2385 Urbani
493 2344 643 2385 deinde
690 2356 825 2385 mores
868 2343 1056 2398 Epicuri,
1091 2344 1165 2396 qui
1195 2346 1280 2383 tam
1312 2343 1529 2384 commode
1560 2344 1604 2383 in
1635 2343 1777 2385 insula

288 2428 506 2469 beatorum
541 2429 734 2469 convivio
767 2440 962 2482 praeesse
994 2427 1169 2481 fingitur
1202 2426 1312 2479 (Ver.
1345 2425 1453 2467 Hist.
1487 2425 1542 2479 II,
1578 2427 1662 2479 18),
1692 2425 1776 2467 Lu-

289 2512 472 2565 cianum,
518 2512 739 2552 hominum
786 2511 968 2552 facetum
1017 2514 1057 2551 et
1105 2510 1336 2565 elegantem
1387 2509 1636 2563 alliciebant,
1677 2522 1773 2551 cum

289 2596 438 2636 rustici
466 2599 505 2636 et
534 2596 717 2649 squalidi
745 2595 905 2648 Cynici,
935 2596 1008 2649 qui
1035 2598 1137 2635 tunc
1162 2595 1362 2648 temporis
1379 2594 1529 2648 pannis
1546 2594 1685 2635 induti
1701 2606 1776 2648 per

288 2679 446 2732 plateas
465 2678 668 2732 errabant,
686 2691 886 2720 nauseam
906 2682 945 2719 et
960 2678 1176 2719 fastidium
1193 2678 1230 2718 ei
1248 2681 1473 2719 moverent.
1493 2675 1615 2725 Quod
1633 2681 1773 2718 autem

289 2755 521 2816 Diogenem
553 2762 742 2816 aliosque
777 2762 956 2814 Cynicos
987 2763 1030 2801 in
1065 2760 1330 2801 Mortuorum
1360 2760 1547 2815 Dialogis
1573 2761 1774 2812 laudavit,

291 2843 539 2899 Menippum
573 2858 697 2886 suum
730 2846 775 2885 in
809 2844 1019 2886 scribendi
1045 2856 1198 2898 genere
1226 2844 1474 2899 magistrum
1501 2846 1672 2885 secutus
1699 2847 1771 2885 est.

1926 2205 1934 2374 —a-e———m
1931 2189 1934 2196 .
