1934 3334
621 992 903 1039 CAPUT
954 992 1395 1049 QUARTUM.

424 1347 488 1380 DE
525 1346 748 1380 LUCIANO
786 1346 1087 1385 AEQUALIUM
1124 1346 1327 1380 SUORUM
1365 1346 1603 1380 CENSORE.

336 1500 370 1538 l.
405 1497 468 1539 De
497 1499 640 1538 satiris
671 1503 814 1540 contra
846 1499 1006 1553 cynicos
1036 1500 1213 1552 scriptis.
1251 1498 1462 1551 Quatenus
1493 1499 1706 1539 Lamianus

586 1582 916 1623 Christianorum
947 1583 1096 1623 'irrisor
1126 1583 1178 1623 sit
1205 1583 1436 1634 putandus.

334 1723 453 1764 Patet
501 1737 599 1777 ergo
646 1737 667 1764 e
715 1724 978 1777 praecedenti
1021 1725 1154 1777 capite
1198 1724 1431 1765 Lucianum
1475 1724 1525 1764 ad
1568 1727 1757 1765 veterum

275 1807 538 1848 Comicorum
573 1811 612 1848 et
645 1806 831 1861 Menippi
864 1807 1106 1861 exemplum
1140 1808 1385 1861 religionem
1416 1807 1625 1860 traditam,
1652 1807 1759 1847 anti-

276 1904 454 1945 quorum
504 1891 808 1944 philosophiam
854 1894 894 1931 et
938 1891 1175 1931 mortalium
1221 1891 1372 1943 studia,
1415 1891 1535 1944 quasi
1568 1890 1618 1930 ad
1653 1890 1759 1930 nihil

276 1975 378 2015 utile
411 1975 624 2027 ducerent,
653 1976 797 2029 magis,
831 1978 876 2015 ut
904 1976 1144 2016 auditorum
1175 1977 1338 2016 animos
1372 1976 1491 2016 hilari
1521 1976 1759 2015 narratione

275 2059 355 2100 sibi
384 2060 624 2111 devinciret,
656 2059 864 2111 derisisse,
898 2072 1022 2113 quam
1061 2063 1106 2099 ut
1124 2060 1236 2112 vitia,
1256 2059 1411 2113 quibus
1431 2059 1589 2114 singuli
1607 2072 1759 2113 aequa-

275 2143 334 2183 les
391 2147 587 2196 errarent,
639 2144 869 2197 castigaret.
920 2143 968 2183 In
1019 2143 1178 2184 ultimis
1227 2148 1366 2184 tamen
1417 2144 1603 2198 dialogis,
1653 2156 1760 2197 quos

278 2227 461 2267 secunda
505 2230 637 2268 aetate
670 2228 846 2281 scripsit,
879 2228 1013 2281 prima
1044 2228 1286 2268 invenimus
1318 2228 1486 2280 indicia,
1518 2227 1629 2268 unde
1664 2239 1761 2268 enm

274 2310 390 2362 jocos
437 2322 558 2363 agere
602 2310 860 2352 desinentem
908 2312 1015 2352 serio
1056 2312 1099 2351 in
1143 2312 1371 2365 sapientiae
1405 2315 1444 2351 et
1478 2311 1761 2352 continentiae

279 2394 554 2444 simulatores,
597 2409 702 2449 quos
748 2396 935 2450 quotidie
976 2399 1072 2436 ante
1111 2396 1254 2436 oculos
1289 2395 1467 2448 haberet,
1502 2395 1761 2435 animadver-

280 2478 380 2518 tisse
413 2482 595 2532 apparet.

339 2561 387 2601 In
422 2562 632 2603 Piscatore
657 2564 754 2616 (52),
782 2564 855 2616 qui
884 2563 1074 2617 dialogus
1100 2563 1391 2616 praecedentia
1419 2574 1542 2615 opera
1561 2560 1762 2601 claudens

275 2645 434 2698 judicia
466 2650 586 2686 antea
618 2646 777 2700 prolata
806 2647 986 2700 corrigit,
1015 2645 1227 2687 Lucianus
1257 2645 1552 2699 Philosophiae
1569 2644 1763 2685 defensor

280 2727 428 2779 factus,
474 2729 682 2781 aequales,
730 2733 777 2769 ut
825 2730 896 2783 qui
944 2728 1158 2769 libidinosi
1204 2732 1243 2769 et
1286 2730 1528 2782 ignorantes
1560 2729 1763 2781 viverent,

283 2811 439 2864 injuria
471 2811 817 2866 philosophorum
850 2825 1005 2853 nomen
1037 2825 1276 2867 usurpasse,
1310 2825 1354 2854 se
1385 2816 1655 2854 ostensurum
1672 2824 1763 2853 esse
