1934 3334
1020 329 1075 369 54

307 476 480 528 sionem,
513 486 621 528 quae
652 474 844 528 inprimis
872 473 912 513 in
937 474 1073 527 priore
1091 472 1255 527 dialogo
1272 473 1500 526 invenitur,
1514 475 1788 515 transeamus.

371 558 606 610 Rhetorica,
654 571 779 611 quam
824 555 1038 598 Lucianus
1083 561 1130 598 ut
1173 570 1290 598 suam
1333 569 1509 598 uxorem
1549 557 1788 611 induxerat,

308 644 510 683 maritum
567 640 769 686 κακώσεως
824 644 865 681 et
911 640 1105 681 adulterii
1149 652 1269 681 reum
1315 640 1412 681 fecit
1459 640 1672 692 (26—30).
1719 640 1788 682 Ad

307 727 463 766 crimen
514 724 733 766 derelictae
780 723 972 777 feminae,
1020 736 1126 777 quae
1172 725 1384 778 ingratum
1433 724 1570 764 virum
1612 722 1788 778 Dialogo

307 810 520 850 amasione
562 809 626 849 uti
669 806 933 862 querebatur,
974 806 1187 848 Lucianus
1229 820 1273 848 se
1313 807 1445 848 multa
1478 807 1649 862 quidem
1680 805 1790 848 Rhe-

304 892 459 934 toricae
485 891 636 933 debere
663 891 896 944 confitetur,
924 892 1023 945 quia
1051 904 1286 945 numquam
1310 893 1400 932 sine
1418 904 1466 933 ea
1482 892 1592 932 inter
1610 890 1790 932 Graecos

305 976 406 1017 adeo
454 975 732 1027 inclaruisset,
783 975 855 1015 sed
903 987 999 1015 cum
1050 978 1193 1029 postea.
1236 987 1414 1016 uxorem
1458 974 1538 1015 sibi
1579 973 1790 1016 infidelem

307 1072 398 1101 esse
441 1060 706 1114 cognovisset
747 1063 788 1100 et
831 1062 1079 1099 ornamenta
1109 1060 1200 1099 eius
1234 1059 1470 1099 meretricia
1501 1069 1665 1112 semper
1696 1060 1792 1098 ante

309 1144 453 1185 oculos
502 1143 653 1184 habere
687 1155 731 1184 se
762 1143 960 1196 taederet,
993 1143 1138 1196 optimi
1170 1141 1336 1196 Dialogi
1367 1141 1717 1183 consuetudinem
1749 1154 1793 1183 se

310 1229 508 1283 petivisse
541 1227 650 1268 dicit.
684 1226 762 1267 Vel
794 1227 934 1280 potius
964 1227 1078 1267 omni
1109 1227 1293 1280 imagine
1319 1226 1500 1280 seposita
1526 1226 1627 1266 haec
1655 1225 1791 1266 addit:

310 1314 439 1358 καλῶς
466 1307 550 1362 εἶχέ
579 1326 642 1361 μοι
669 1309 775 1362 οένδρὶ
805 1308 875 1357 ἤδη
900 1308 1187 1361 τετταράκοντα
1205 1307 1269 1356 ἔτη
1289 1309 1430 1360 σχεδὸν
1445 1307 1617 1359 γεγονότι
1635 1307 1796 1360 θορύβων

315 1395 386 1445 μὲν
419 1394 561 1436 ἐκείνων
594 1393 661 1435 καὶ
696 1393 804 1434 δικῶν
836 1391 1100 1444 ἀπηλλάχθαι
1133 1391 1196 1433 καὶ
1230 1392 1316 1439 τοὺς
1346 1392 1486 1444 ἄνδρας
1502 1392 1589 1439 τοὺς
1606 1392 1796 1440 δικαστὰς

311 1480 491 1529 ἀτρεμεῖν
524 1479 603 1533 ε’ἇν,
634 1477 818 1528 τυραννων
835 1477 1068 1529 κατηγορίαις
1085 1475 1153 1518 καὶ
1173 1475 1350 1529 ἀριστέων
1368 1476 1542 1524 ἐπαίνους
1560 1474 1797 1531 ἐκφυγόντα,

314 1564 352 1610 ἐς
395 1561 435 1604 δὲ
479 1562 547 1609 τὴν
592 1561 863 1612 Ἀκαδήμειαν
895 1560 962 1602 καὶ
995 1562 1033 1608 ἐς
1064 1561 1106 1602 τὸ
1140 1560 1298 1602 Λύκειον
1331 1561 1489 1602 ἐλθόντα
1521 1562 1573 1612 τῷ
1604 1559 1798 1612 βελτίστῳ

313 1646 434 1699 τούτῳ
477 1646 660 1698 Διαλόγῳ
698 1651 1004 1699 συμπεριπατεῖν
1037 1645 1161 1699 ἡρέμα
1194 1644 1501 1696 διαλεγομένους,
1534 1648 1606 1686 τῶν
1637 1644 1798 1687 ἐπαίνων

315 1730 383 1773 καὶ
418 1729 553 1781 κρότων
585 1732 625 1772 οὐ
659 1730 858 1781 δεομένους
892 1732 989 1784 (32).

375 1816 570 1857 Alterum
609 1817 780 1870 crimen,
820 1828 903 1869 quo
935 1814 1150 1856 Lucianus
1183 1828 1207 1855 a
1237 1813 1414 1868 Dialogo
1447 1816 1681 1867 accusatur,
1712 1814 1800 1868 (33)

316 1902 395 1942 hoc
428 1904 509 1942 est:
544 1902 728 1955 graviter
759 1899 964 1954 Dialogus
992 1899 1083 1949 fert,
1115 1899 1227 1953 quod
1256 1912 1332 1940 sua
1361 1898 1524 1939 indoles
1552 1911 1575 1938 a
1601 1898 1802 1952 scriptore

317 1987 362 2026 in
403 1986 660 2026 comicorum
702 1984 977 2038 petulantiam
1020 1986 1183 2024 mutata
1215 1984 1268 2024 sit
1302 1981 1541 2035 (σωφρονικὸν
1572 1984 1802 2032 προσωπεῖον

318 2068 463 2122 οἰφεῖλέ
495 2085 582 2122 μου,
609 2069 774 2119 κωμικὸν
802 2068 841 2109 δὲ
868 2066 967 2109 ἄλλο
996 2067 1063 2108 καὶ
1092 2067 1290 2119 σατυρικὸν
1317 2066 1476 2113 ἐπέθηκε
1502 2065 1650 2116 μοικαὶ
1669 2068 1801 2118 μικροῦ

320 2153 397 2194 δεῖν
443 2155 620 2206 γελοῖον),
663 2153 735 2194 sed
768 2154 926 2193 maiore
956 2154 1157 2193 incensus
1189 2154 1251 2193 est
1283 2151 1436 2204 dolore,
1469 2150 1583 2204 quod
1613 2149 1802 2191 biformis

319 2237 566 2292 Menippeae
598 2239 748 2278 satirae
774 2241 927 2278 natura
955 2236 1035 2278 sibi
1062 2236 1235 2277 obtrusa
1253 2238 1373 2288 esset,
1389 2235 1448 2275 ita
1463 2237 1511 2275 ut
1527 2246 1649 2275 nemo
1668 2234 1803 2275 dicere

322 2325 475 2376 posset,
508 2325 652 2362 utrum
686 2321 839 2376 dialogi
872 2321 1008 2362 soluta
1041 2333 1095 2361 an
1128 2321 1269 2360 vineta
1302 2320 1487 2360 oratione
1505 2322 1646 2360 essent
1661 2319 1806 2373 scripti

324 2404 383 2458 (τὸ
415 2404 489 2456 γαρ
523 2403 676 2445 πάντων
709 2404 972 2450 ἀτοπώτατον,
1007 2402 1135 2454 κρᾶσίν
1163 2418 1249 2442 τινα
1277 2399 1491 2453 παράδοξον
1519 2399 1710 2453 κέκραμαι
1735 2399 1804 2442 καὶ

325 2487 408 2529 οὔτε
440 2488 553 2539 πεζός
585 2489 674 2538 εἰμι,
708 2487 785 2529 οὔτ’
821 2486 884 2528 ἐπὶ
918 2490 989 2527 τῶν
1024 2485 1169 2538 μέτρων
1204 2484 1490 2536 βέβηκα,ο“ελλ’
1510 2483 1807 2536 ἱπποκενταύρου

326 2572 431 2619 δίκην
465 2571 637 2612 σύντεθέν
669 2587 704 2612 τι
737 2570 804 2613 καὶ
839 2569 943 2619 ξένον
975 2569 1129 2623 φάο-μα
1160 2574 1240 2616 τοῖς
1272 2568 1448 2610 οξκούουσι
1479 2568 1599 2622 δοκῶ).

390 2655 726 2710 „Speraveram,'’
759 2637 856 2697 reus
888 2655 1123 2709 respondet,
1160 2654 1272 2706 „fore
1305 2657 1351 2694 ut
1383 2654 1573 2707 dialogus
1606 2653 1684 2694 hac
1715 2666 1807 2693 mu-

327 2741 483 2780 tatione
511 2739 732 2792 gauderet,
761 2739 1017 2780 adsciveram
1047 2740 1156 2779 enim
1187 2737 1452 2778 Comoediam
1482 2740 1522 2778 et
1549 2736 1808 2791 Menippum,

329 2827 376 2864 ut
423 2823 612 2877 dialogus
654 2823 814 2864 facetiis
856 2825 1028 2863 ornatus
1070 2821 1315 2862 hominibus
1358 2822 1490 2862 carior
1533 2820 1649 2862 fieret
1682 2833 1808 2874 quam
