1934 3334
1016 318 1041 358 8

293 460 555 502 Rhetoricam
589 458 936 500 declamationem
965 459 1006 498 in
1036 459 1192 512 patriae
1217 458 1383 500 laudem
1412 457 1666 511 habebantl)
1693 471 1766 513 pro

294 546 411 597 „eine
444 544 543 585 reife
576 543 668 584 und
702 542 792 583 edle
825 541 980 582 Frucht
1011 543 1148 583 seiner
1180 547 1345 596 spatern
1381 542 1521 595 Jahre,
1552 543 1669 584 mehr
1699 543 1766 584 ein

292 627 419 668 Werk
469 627 540 667 des
587 626 776 667 Herzens
822 625 883 666 als
922 625 993 666 des
1026 625 1225 666 Witzes.”
1261 625 1394 667 Verba
1428 627 1628 680 piissima,
1660 638 1769 680 quae

292 710 506 752 Lucianus
550 711 593 750 in
641 710 819 764 Nigrino
861 709 912 750 ad
955 710 1192 750 comoediae
1240 723 1429 751 normam
1476 711 1654 765 scripsit,
1694 722 1767 764 pro

291 795 426 848 ipsius
458 794 671 847 scriptoris
706 793 970 834 confessione
1003 792 1214 846 habentes,
1241 793 1546 849 Hertzbergius
1574 797 1613 835 et
1630 793 1769 835 Brun-

293 878 381 918 sius
429 876 745 917 admirabantur
796 878 936 928 „seine
982 876 1348 931 liebesbediirftige
1381 878 1467 918 und
1501 876 1770 932 liebesfahige

295 960 432 1001 Natur
479 961 565 1001 und
615 961 681 1001 die
729 960 1113 1002 leidenschaftliche
1159 960 1484 1015 Bewunderung
1532 974 1584 1002 zu
1634 962 1770 1002 einem

295 1044 510 1085 Vertreter
542 1044 613 1084 des
645 1043 970 1084 Platonismus.”

352 1128 482 1170 Vides
514 1141 622 1182 ergo,
655 1129 711 1168 mi
742 1128 881 1181 lector,
910 1128 973 1169 vel
1002 1140 1054 1169 ex
1083 1128 1147 1168 his
1174 1129 1319 1182 paucis
1336 1128 1597 1182 testimoniis,
1615 1127 1771 1182 quibus

293 1214 406 1254 vitiis
438 1213 745 1267 philologorum
780 1212 918 1253 studia
945 1212 1194 1253 laborarint!

350 1296 455 1337 Tum
499 1296 667 1337 demum
711 1295 788 1336 lux
832 1308 852 1336 e
885 1295 1068 1336 tenebris
1097 1299 1185 1336 orta
1218 1298 1291 1348 est,
1324 1307 1418 1335 cum
1452 1294 1669 1336 nonnullis
1701 1307 1771 1348 ap-

292 1392 437 1433 parere
479 1381 626 1433 coepit,
671 1392 778 1433 quae
819 1380 922 1420 ratio
968 1380 1078 1420 inter
1119 1378 1354 1420 Lucianum
1394 1379 1601 1420 rhetorem
1634 1382 1675 1420 et
1706 1391 1772 1420 co-

293 1464 422 1504 micos
479 1464 722 1517 praesertim
780 1464 1003 1517 scriptores
1059 1463 1346 1517 intercederet,
1395 1476 1478 1518 quo
1528 1463 1618 1504 loco
1667 1464 1771 1504 mihi

291 1547 490 1588 laudandi
532 1550 630 1588 sunt
671 1546 717 1588 P.
761 1545 1005 1600 Schulzeus,
1047 1548 1168 1588 cuius
1213 1547 1595 1600 dissertationemff)
1627 1550 1772 1602 postea

293 1630 489 1684 tractabo,
523 1634 562 1671 et
592 1631 785 1685 inprimis
812 1630 1053 1671 Theodorus
1082 1629 1283 1684 Kockius,
1300 1630 1628 1685 fragmentorum
1646 1631 1773 1672 comi-

294 1727 439 1755 corum
472 1714 605 1755 editor
636 1713 935 1755 nobilissimus.

411 1896 449 1935 3.
497 1893 748 1949 Eoeponitur,
780 1895 880 1950 quid
908 1894 1083 1935 rationis
1114 1896 1223 1936 inter
1255 1896 1420 1936 comicos
1442 1899 1590 1947 poetas
1619 1900 1656 1937 et

525 1978 761 2019 Luctantem
803 1978 1033 2020 intercedat.
1079 1977 1244 2030 Scripta
1274 1978 1454 2020 Luciam
1483 1979 1540 2020 ad

654 2065 850 2117 quattuor
879 2065 1029 2104 aetates
1061 2066 1157 2104 sunt
1188 2063 1419 2115 referenda.

352 2203 434 2244 Hic
477 2204 563 2256 jam
607 2205 708 2244 mihi
750 2204 868 2244 locus
911 2216 1002 2244 esse
1046 2204 1225 2257 videtur,
1260 2207 1306 2244 ut
1337 2217 1470 2258 pauca
1501 2204 1552 2245 de
1584 2217 1649 2246 me
1680 2205 1771 2259 ipso

297 2286 509 2327 disseram.
554 2286 659 2327 Cum
701 2287 792 2341 lege
824 2288 925 2327 mihi
957 2300 1202 2328 concessum
1236 2292 1356 2339 esset,
1392 2291 1437 2329 ut
1465 2289 1510 2328 in
1543 2288 1773 2330 Academia

293 2369 682 2424 Lugduno-Batava
710 2384 928 2425 supremos
957 2372 1135 2412 honores
1164 2375 1358 2425 peterem,
1387 2385 1423 2411 V.
1442 2372 1489 2412 el.
1518 2371 1555 2412 J.
1574 2371 1771 2414 Leeuwe-

293 2454 402 2505 nius,
442 2466 565 2506 quem
610 2458 917 2508 praeceptorem
964 2467 1036 2508 per
1080 2456 1269 2508 quinque
1302 2467 1434 2495 annos
1466 2458 1614 2509 gratus
1647 2455 1771 2496 disci-

294 2536 421 2589 pulus
455 2537 610 2589 audivi,
641 2538 743 2577 mihi
777 2538 921 2590 suasit,
953 2542 999 2578 ut
1032 2539 1074 2577 in
1093 2539 1258 2592 seriptis
1277 2537 1497 2579 Lucianeis
1516 2551 1773 2594 quaererem,

340 2746 371 2787 1)
396 2747 462 2779 err.
490 2757 520 2789 p.
544 2746 596 2780 26.

335 2806 371 2846 2)
397 2807 464 2842 Csr.
488 2808 585 2840 index
611 2809 775 2841 librorum
800 2810 835 2841 in
862 2808 928 2841 fine
951 2810 1028 2843 diss·
