1934 3334
998 357 1053 397 24

296 501 464 542 tharum
510 499 659 553 petitas
704 497 868 538 fabulas
915 497 974 537 ita
1020 497 1216 549 narravit,
1262 499 1308 537 ut
1355 495 1482 537 verba.
1527 495 1684 550 optime
1725 492 1778 534 ad

297 586 525 638 utriusque
567 583 748 623 nationis
791 594 929 622 mores
973 580 1283 621 accommodata
1323 592 1414 621 esse
1444 578 1677 620 videantur.
1708 577 1778 618 In-

297 669 460 722 spicias,
510 668 649 720 lector,
696 665 882 706 fabulam
925 665 1122 705 eroticam
1159 664 1272 715 (Tox.
1310 664 1510 714 13—17),
1543 661 1616 704 ubi
1647 661 1780 703 malae

296 751 517 792 cuiusdam
567 749 713 790 uxoris
760 751 867 789 artes
916 747 1224 800 describuntur,
1268 760 1376 800 quae
1420 746 1586 787 conscio
1630 745 1779 786 marito

298 834 449 895 divites
490 834 670 886 juvenes
717 831 768 871 ad
816 831 987 871 domum
1036 844 1153 871 suam
1197 830 1361 871 allicere
1404 829 1577 882 solebat,
1617 832 1658 870 et
1699 829 1782 870 nisi

296 922 407 959 certo
455 918 583 958 scires
628 920 668 957 te
714 914 950 956 Lucianum
1000 916 1045 955 in
1088 914 1283 955 manibus
1327 918 1482 966 tenere,
1523 912 1716 954 fabellam
1759 925 1783 952 a

297 1001 499 1043 Boccaoio
533 1004 741 1041 narratam
773 1003 813 1040 te
846 999 982 1053 legere
1014 1002 1161 1052 putare
1193 1010 1349 1052 posses.
1384 996 1534 1051 Neque
1561 997 1605 1036 in
1631 995 1783 1036 Roma-

298 1098 449 1125 norum
505 1084 787 1138 sophistarum
838 1081 1213 1123 declamationibus
1263 1080 1417 1122 desunt
1462 1079 1631 1121 fabulae
1677 1091 1785 1133 quae

299 1169 473 1210 eandem
517 1170 715 1208 eroticam
748 1170 941 1206 naturam
974 1167 1158 1220 spirant,
1192 1164 1520 1206 Friedlanderus
1553 1162 1606 1216 (S.
1628 1162 1674 1203 G.
1708 1161 1787 1216 III,

303 1253 400 1305 370)
445 1252 627 1306 exempli
668 1251 802 1305 gratia
838 1250 1040 1304 quasdam
1074 1249 1251 1303 fabulas,
1287 1261 1395 1303 quae
1427 1249 1470 1288 in
1507 1246 1672 1300 „Gestis
1704 1245 1786 1287 Ro-

302 1335 552 1378 manorum''
602 1336 641 1385 (i.
660 1347 694 1375 e.
743 1346 894 1388 corpus
942 1333 1189 1374 fabellarum
1236 1333 1463 1373 latinarum
1507 1331 1643 1372 medio
1685 1341 1786 1371 aevo

303 1421 597 1474 compositum)
639 1419 854 1472 leguntur,
897 1418 1098 1472 originem
1134 1417 1308 1458 duxisse
1343 1430 1365 1456 a
1397 1415 1580 1457 Senecae
1613 1414 1790 1455 rhetoris

306 1504 605 1545 controversiis
638 1503 830 1544 ostendit.
863 1501 1026 1543 Deinde
1059 1501 1110 1542 ad
1142 1501 1252 1542 idem
1280 1513 1416 1554 genus
1433 1499 1673 1541 referendae
1690 1500 1790 1539 sunt

310 1588 668 1642 Metamorphoses
700 1587 855 1641 Apulei
889 1590 929 1628 et
962 1587 1123 1627 Asinus
1155 1584 1405 1638 Lucianeus,
1437 1585 1487 1625 de
1521 1583 1677 1638 quibus
1695 1595 1790 1638 ope-

307 1672 425 1713 ribus
459 1675 601 1726 postea
634 1671 849 1711 disseram.

364 1755 420 1797 Ut
463 1756 620 1810 paucis,
664 1755 766 1809 quid
809 1755 859 1796 de
892 1754 1091 1808 sophistis
1125 1765 1358 1806 eorumque
1388 1751 1540 1793 studiis
1574 1751 1678 1792 mihi
1710 1753 1791 1792 sta-

304 1840 508 1881 tuendum
542 1840 747 1892 videatur,
780 1839 1044 1893 complectar,
1078 1850 1226 1878 censeo
1245 1849 1315 1878 eos
1335 1837 1467 1890 magis
1485 1836 1793 1890 vituperatione

307 1938 432 1978 quam
466 1924 589 1964 laude
623 1936 713 1964 esse
747 1923 920 1977 dignos,
956 1936 1052 1962 nam
1087 1921 1191 1961 nihil
1219 1920 1426 1961 faciebant
1454 1933 1581 1974 quam
1599 1919 1792 1973 exempla

308 2009 578 2061 antiquorum
613 2007 822 2047 serviliter
853 2005 1143 2058 imitabantur,
1174 2010 1213 2046 et
1246 2018 1343 2046 cum
1375 2004 1560 2045 fabulam
1595 2005 1793 2045 erotioam

309 2105 433 2145 prosa
477 2092 665 2131 oratione
699 2103 869 2131 narrare
901 2091 1147 2144 coepissent,
1179 2090 1220 2129 in
1255 2089 1405 2143 primis
1438 2089 1565 2129 huius
1596 2089 1697 2128 novi
1727 2088 1794 2128 iti-

309 2176 421 2215 neris
471 2174 759 2215 subsistebant
804 2175 960 2225 initiis;
1003 2186 1050 2214 ea
1093 2176 1229 2213 tamen
1280 2173 1394 2224 vitia,
1429 2171 1585 2226 quibus
1621 2171 1794 2212 obnoxii

311 2257 575 2311 videbantur,
624 2271 708 2297 non
757 2259 899 2311 potius
944 2258 1047 2311 ipsis
1095 2256 1318 2297 tribuenda
1351 2269 1442 2297 esse
1476 2256 1636 2310 opinor,
1667 2268 1792 2309 quam

311 2341 582 2395 temporibus,
631 2355 727 2381 cum
772 2354 916 2382 omnes
966 2341 1220 2382 Graecorum
1255 2345 1363 2381 artes
1396 2344 1618 2394 totumque
1648 2351 1794 2380 eorum

315 2425 535 2478 ingenium
571 2437 826 2465 marcescere
860 2429 899 2466 et
930 2425 1101 2465 interire
1134 2424 1378 2478 coepissent.

399 2607 435 2645 2.
469 2604 533 2646 De
568 2605 747 2646 Luciam
777 2605 964 2657 operibus
993 2604 1206 2646 rhetoricis
1236 2605 1526 2646 amzotationes
1555 2604 1708 2645 variae.

349 2745 500 2786 ‘Nunc
546 2746 596 2786 ad
639 2746 815 2787 Luciani
860 2749 990 2787 artem
1032 2746 1278 2787 rhetoricam
1318 2750 1593 2798 transeamus,
1624 2745 1796 2786 investi-

315 2833 474 2887 gantes,
522 2829 680 2885 quibus
729 2829 1101 2872 exercitationibus
1142 2831 1360 2884 ingenium
1404 2843 1530 2871 suum
1563 2829 1796 2871 excoluerit
