1934 3334
840 327 864 366 3

119 471 391 510 monumenta
433 467 483 507 ab
527 466 736 506 oblivione
779 465 862 506 sint
906 464 1125 504 vindicata.
1170 461 1326 511 Quanti
1360 462 1437 502 hoc
1470 461 1591 501 aesti-

121 552 321 593 mandum
354 551 418 604 sit,
449 550 569 590 facile
601 549 735 589 cuivis
769 547 994 602 apparebit,
1027 548 1062 587 si
1095 559 1234 587 secum
1263 548 1439 599 reputet,
1469 556 1592 597 quam

120 647 255 689 pauca
296 637 526 674 ceterorum
573 631 826 672 Graecorum
856 629 1061 683 juvenilia
1095 630 1248 682 scripta
1279 628 1415 668 adhuc
1447 625 1595 666 habea-

121 730 227 758 mus.
269 715 326 757 Ut
372 728 426 756 ex
465 714 660 769 pluribus
703 727 836 754 unum
880 713 1060 765 laudem,
1099 715 1201 766 quot
1232 711 1458 765 tragoediis
1490 723 1592 764 pan-

120 800 267 855 gendis
322 798 545 853 Sophocles
605 810 648 838 se
695 797 934 838 exercuisse
979 796 1193 850 putandus
1243 798 1318 847 est,
1367 798 1592 847 antequam

121 883 261 936 Ajacis
301 881 496 933 fabulam,
538 894 664 934 quam
706 892 758 920 ex
801 883 971 933 septem,
1004 891 1111 932 quae
1143 881 1382 932 supersunt,
1416 877 1594 930 primam

123 967 300 1019 scripsit,
331 968 392 1006 est
425 963 634 1005 exorsus?

182 1048 314 1108 Quodx
332 1061 430 1089 vero
462 1047 514 1088 ad
544 1046 779 1087 Lucianum
811 1046 1001 1099 pertinet,
1034 1045 1159 1086 etiam
1190 1044 1313 1084 hodie
1342 1043 1597 1096 investigare

124 1131 245 1173 nobis
289 1132 397 1184 licet,
445 1142 552 1184 quae
595 1130 773 1183 scriptor
814 1128 950 1168 adhuc
985 1128 1155 1180 juvenis
1197 1127 1458 1180 praestiterit,
1494 1138 1600 1179 quos

125 1215 252 1256 duces
293 1217 461 1255 secutus
503 1214 568 1264 sit,
612 1224 718 1266 quae
745 1211 905 1264 judicia
936 1214 1080 1264 postea
1112 1211 1350 1262 correxerit,
1383 1210 1599 1262 vitamque

126 1297 306 1338 hominis
338 1299 464 1350 atque
497 1295 678 1336 indolem
709 1308 794 1335 non
826 1295 968 1335 minus
1002 1307 1127 1348 quam
1156 1295 1191 1334 si
1219 1293 1441 1334 nobiscum
1469 1293 1601 1333 vixis-

128 1384 201 1434 set,
233 1392 483 1434 cognoscere
515 1391 753 1433 possumus.

186 1464 336 1505 Postea
377 1462 590 1504 Lucianus
632 1475 754 1502 carus
794 1461 876 1502 fuit
914 1461 978 1512 iis,
1012 1461 1084 1514 qui
1115 1462 1159 1500 in
1191 1460 1312 1500 ltalia
1345 1459 1521 1500 cultiore
1556 1472 1602 1500 ac

129 1547 258 1589 libero
289 1547 458 1600 ingenio
484 1545 659 1600 praediti
686 1548 815 1597 erant,
842 1557 938 1585 cum
967 1545 1165 1597 antiquae
1191 1543 1353 1583 litterae
1378 1542 1429 1583 ab
1446 1542 1604 1595 inferis,

129 1635 178 1672 ut
220 1632 278 1671 ita
323 1630 469 1683 dicam,
516 1629 811 1681 excitarentur,
857 1631 896 1669 et
941 1640 1078 1668 novus
1122 1627 1361 1668 seculorum
1402 1627 1606 1680 inciperet

131 1715 242 1756 ordo.
297 1713 482 1768 Poggius
531 1712 830 1759 Bracciolinus,
878 1714 924 1752 ut
969 1711 1349 1764 locupletissimum
1398 1709 1604 1763 proferam

130 1801 290 1850 testem,
337 1796 485 1837 Cosmo
533 1796 582 1837 de
629 1795 791 1848 Medici,
839 1796 993 1849 quippe
1041 1795 1115 1848 qui
1162 1793 1340 1848 pedibus
1386 1792 1608 1847 laboraret,

132 1881 306 1936 roganti,
364 1883 411 1920 ut
462 1879 542 1920 sibi
588 1879 741 1919 librum
784 1878 1023 1932 jucundum
1069 1880 1110 1918 et
1156 1877 1330 1918 hilarem
1377 1877 1606 1930 praeberet,

135 1963 335 2018 quaedam
371 1975 494 2016 opera
524 1961 736 2002 Lucianea
768 1975 791 2002 a
824 1974 867 2002 se
898 1962 988 2015 ipso
1021 1961 1148 2001 latine
1180 1972 1302 2001 Versa
1335 1960 1463 2000 misit.

192 2047 393 2087 Erasmus
435 2045 650 2099 popularis
692 2048 846 2098 noster,
890 2044 940 2085 ad
973 2043 1191 2085 stultitiam
1228 2043 1467 2097 aequalium
1501 2043 1607 2084 deri-

137 2131 315 2172 dendam
356 2132 494 2182 natus,
532 2129 745 2170 satiricum
778 2127 1115 2169 Samosatensem
1146 2126 1343 2168 laudibus
1376 2127 1610 2168 cumulavit

137 2214 302 2256 eximiis
335 2212 522 2267 (Epistol.
558 2213 625 2253 29.
661 2212 714 2265 5).

194 2297 344 2338 Plures
376 2308 488 2349 vero,
521 2296 594 2350 qui
625 2296 763 2349 ipsum
796 2294 1116 2347 admirarentur,
1150 2293 1327 2348 scriptor
1359 2297 1611 2335 consecutus

139 2383 202 2422 est
233 2379 372 2422 seculo
406 2379 565 2420 decimo
599 2381 756 2427 octavo,
788 2390 883 2418 cum
916 2380 1102 2431 tempora
1133 2389 1180 2417 ac
1208 2377 1426 2418 hominum
1455 2379 1613 2431 opinio-

140 2476 215 2505 nes
268 2463 414 2504 multis
461 2463 505 2503 in
552 2461 678 2502 rebus
727 2474 822 2502 cum
871 2461 1185 2501 Antoninorum
1233 2473 1335 2501 aevo
1383 2462 1613 2515 comparari

141 2550 322 2602 possent.
371 2546 534 2587 Gibbon
577 2546 646 2586 ille
678 2548 798 2586 atrox
832 2544 1140 2586 Christianismi
1172 2547 1332 2598 spretor
1362 2556 1458 2585 eum
1490 2558 1616 2586 vene-

143 2632 302 2672 ratione
333 2630 602 2685 prosequitur
632 2632 799 2683 propter
834 2629 923 2681 „his
949 2626 1209 2669 fashionable
1235 2627 1618 2682 irreligion'’atque

146 2714 315 2767 Goethe,
359 2725 496 2766 neque
536 2712 572 2752 is
612 2711 709 2753 fidei
750 2712 984 2766 proximus,
1025 2710 1169 2751 multis
1210 2709 1350 2751 verbis
1391 2713 1431 2751 et
1462 2724 1613 2765 magno

144 2811 242 2840 cum
272 2809 412 2838 amore
441 2796 667 2850 imaginem
698 2795 918 2837 cuiusdam
952 2794 1142 2849 magistri
1174 2794 1243 2835 sui
1274 2793 1512 2848 delineavit,
1540 2795 1614 2849 qui
