1934 3334
889 325 929 353 lx

1522 469 1582 501 Pag.

653 522 835 563 CAPUT
868 521 1157 570 QUARTUM.

398 631 464 674 De
480 632 681 675 Luciano
698 632 962 684 aequalium
982 644 1173 674 suorum
1192 643 1379 675 censore
1452 638 1653 676 96—124

163 761 198 800 1.
230 759 294 801 De
340 761 478 801 satiris
526 763 672 801 contra
718 761 889 811 cynicos
938 760 1118 813 scriptis.
1165 758 1387 808 Quatenus

232 843 446 885 Lucianus
479 843 813 885 Christianorum
846 844 991 884 irrisor
1027 844 1080 883 sit
1111 844 1344 897 putandus.

162 929 201 971 2.
234 926 297 969 De
338 929 491 969 ceteris
528 927 768 981 aequalium
812 927 964 968 studiis
998 941 1021 967 a
1053 926 1241 968 Luciano
1276 928 1386 968 vitu-

233 1012 398 1065 peratis.
431 1009 494 1052 De
525 1010 642 1051 Julio
675 1010 866 1051 Polluce.

161 1095 199 1135 3.
229 1093 293 1136 De
332 1095 504 1148 ratione,
548 1107 656 1149 quae
696 1095 805 1136 inter
846 1094 1025 1135 Lucium
1065 1094 1310 1136 Patrensem
1349 1098 1389 1136 et

234 1177 470 1219 Lucianum
501 1178 734 1219 intercedit.

159 1262 197 1302 4.
230 1260 292 1313 De
339 1260 607 1303 Demonactis
654 1265 695 1303 et
740 1261 916 1303 Sostrati
963 1262 1073 1303 vitis.
1115 1261 1379 1302 Emblemata

235 1345 488 1386 indicantur.

162 1429 200 1468 5.
231 1427 294 1470 De
326 1428 512 1470 Luciano
545 1429 596 1470 ad
628 1432 888 1471 senectutem
922 1429 1186 1484 devergente.

665 1618 847 1660 CAPUT
880 1618 1018 1667 QUIN
1021 1617 1151 1659 TUM.

435 1728 502 1771 De
535 1729 721 1783 scriptis
755 1729 981 1772 senilibus
1015 1729 1062 1771 et
1095 1728 1372 1771 subditiciis.

793 1810 1027 1865 Epilogus,
1090 1848 1098 1856 .
1161 1848 1169 1855 .
1232 1847 1239 1855 .
1302 1847 1309 1855 .
1373 1845 1382 1854 .
1418 1815 1645 1855 125—131

168 1939 201 1979 1.
233 1938 296 1980 De
328 1938 503 1980 Luciani
536 1940 649 1980 senis
681 1940 833 1980 misera
866 1942 990 1981 sorte.

165 2025 202 2064 2.
235 2022 298 2065 De
329 2022 526 2078 operibus
559 2022 806 2064 subditiciis.

166 2108 202 2148 3.
233 2106 450 2161 Epilogus.

160 2310 327 2351 TABULA
359 2323 658 2351 CHRONOLOGIOA
663 2343 954 2351 .....
1005 2334 1007 2337 -
1016 2343 1376 2353 ......
1414 2313 1579 2353 132-1
1588 2315 1641 2354 35

162 2401 295 2442 INDEX
325 2415 528 2443 Lmnomm
558 2398 563 2402 ⁹
594 2434 1381 2443 ............
1417 2405 1437 2443 1
1446 2404 1498 2444 36
1506 2429 1558 2433 —
1565 2405 1584 2444 1
1593 2406 1617 2445 3
1624 2405 1647 2445 9

162 2493 317 2535 frans-ms
386 2526 1381 2536 ...............
1418 2496 1647 2537 143-148
