<?xml version="1.0" encoding="UTF-8"?>
<!DOCTYPE html PUBLIC "-//W3C//DTD XHTML 1.0 Transitional//EN"
    "http://www.w3.org/TR/xhtml1/DTD/xhtml1-transitional.dtd">
<html xmlns="http://www.w3.org/1999/xhtml" xml:lang="en" lang="en">
 <head>
  <title>
</title>
<meta http-equiv="Content-Type" content="text/html;charset=utf-8" />
  <meta name='ocr-system' content='tesseract 3.04.00' />
  <meta name='ocr-capabilities' content='ocr_page ocr_carea ocr_par ocr_line ocrx_word'/>
</head>
<body>
  <div class='ocr_page' id='page_1' title='image "./studialucianea00bolduoft_0097.png"; bbox 0 0 1934 3334; ppageno 0'>
   <div class='ocr_carea' id='block_1_1' title="bbox 879 322 933 361">
    <p class='ocr_par' dir='ltr' id='par_1_1' title="bbox 879 322 933 361">
     <span class='ocr_line' id='line_1_1' title="bbox 879 322 933 361; baseline -0.019 0"><span class='ocrx_word' id='word_1_1' title='bbox 879 322 933 361; x_wconf 80' lang='lat'>83</span> 
     </span>
    </p>
   </div>
   <div class='ocr_carea' id='block_1_2' title="bbox 163 461 1647 2852">
    <p class='ocr_par' dir='ltr' id='par_1_2' title="bbox 165 461 1644 930">
     <span class='ocr_line' id='line_1_2' title="bbox 166 461 1642 515; baseline 0 -13"><span class='ocrx_word' id='word_1_2' title='bbox 166 461 254 503; x_wconf 90' lang='lat' dir='ltr'>Nec</span> <span class='ocrx_word' id='word_1_3' title='bbox 286 462 558 515; x_wconf 86' lang='lat' dir='ltr'>epistolarum</span> <span class='ocrx_word' id='word_1_4' title='bbox 593 464 893 515; x_wconf 83' lang='lat' dir='ltr'>argumentum</span> <span class='ocrx_word' id='word_1_5' title='bbox 921 464 1087 501; x_wconf 88' lang='lat' dir='ltr'>nostrae</span> <span class='ocrx_word' id='word_1_6' title='bbox 1114 462 1380 514; x_wconf 84' lang='lat' dir='ltr'>conjecturae</span> <span class='ocrx_word' id='word_1_7' title='bbox 1400 461 1642 515; x_wconf 78' lang='lat' dir='ltr'><strong>refragatur,</strong></span> 
     </span>
     <span class='ocr_line' id='line_1_3' title="bbox 167 543 1641 598; baseline 0.001 -14"><span class='ocrx_word' id='word_1_8' title='bbox 167 543 239 585; x_wconf 89' lang='lat' dir='ltr'>ubi</span> <span class='ocrx_word' id='word_1_9' title='bbox 270 548 431 598; x_wconf 88' lang='lat' dir='ltr'>praeter</span> <span class='ocrx_word' id='word_1_10' title='bbox 457 545 601 597; x_wconf 87' lang='lat' dir='ltr'>jocum</span> <span class='ocrx_word' id='word_1_11' title='bbox 631 545 675 583; x_wconf 90' lang='lat' dir='ltr'>in</span> <span class='ocrx_word' id='word_1_12' title='bbox 703 546 920 584; x_wconf 87' lang='lat' dir='ltr'>vetustum</span> <span class='ocrx_word' id='word_1_13' title='bbox 951 543 1182 584; x_wconf 78' lang='lat' dir='ltr'><strong>Saturnum</strong></span> <span class='ocrx_word' id='word_1_14' title='bbox 1216 543 1470 596; x_wconf 83' lang='lat' dir='ltr'>Cynicorum</span> <span class='ocrx_word' id='word_1_15' title='bbox 1490 544 1641 598; x_wconf 86' lang='lat' dir='ltr'>placita</span> 
     </span>
     <span class='ocr_line' id='line_1_4' title="bbox 165 626 1641 680; baseline 0 -13"><span class='ocrx_word' id='word_1_16' title='bbox 165 627 215 667; x_wconf 89' lang='lat' dir='ltr'>de</span> <span class='ocrx_word' id='word_1_17' title='bbox 262 627 503 667; x_wconf 79' lang='lat' dir='ltr'>mortalium</span> <span class='ocrx_word' id='word_1_18' title='bbox 551 626 750 667; x_wconf 88' lang='lat' dir='ltr'>inanibus</span> <span class='ocrx_word' id='word_1_19' title='bbox 795 626 945 667; x_wconf 88' lang='lat' dir='ltr'>studiis</span> <span class='ocrx_word' id='word_1_20' title='bbox 987 626 1195 680; x_wconf 89' lang='lat' dir='ltr'>leguntur.</span> <span class='ocrx_word' id='word_1_21' title='bbox 1239 626 1401 668; x_wconf 82' lang='lat' dir='ltr'>Divites</span> <span class='ocrx_word' id='word_1_22' title='bbox 1432 627 1641 668; x_wconf 78' lang='lat' dir='ltr'>Saturnus</span> 
     </span>
     <span class='ocr_line' id='line_1_5' title="bbox 170 711 1644 764; baseline 0.001 -14"><span class='ocrx_word' id='word_1_23' title='bbox 170 711 380 763; x_wconf 79' lang='lat' dir='ltr'>admonet,</span> <span class='ocrx_word' id='word_1_24' title='bbox 417 715 464 751; x_wconf 91' lang='lat' dir='ltr'>ut</span> <span class='ocrx_word' id='word_1_25' title='bbox 494 711 687 751; x_wconf 86' lang='lat' dir='ltr'>liberales</span> <span class='ocrx_word' id='word_1_26' title='bbox 721 723 818 763; x_wconf 90' lang='lat' dir='ltr'>erga</span> <span class='ocrx_word' id='word_1_27' title='bbox 851 723 1004 764; x_wconf 89' lang='lat' dir='ltr'>egenos</span> <span class='ocrx_word' id='word_1_28' title='bbox 1038 711 1123 750; x_wconf 87' lang='lat' dir='ltr'>sint</span> <span class='ocrx_word' id='word_1_29' title='bbox 1155 714 1195 750; x_wconf 93' lang='lat' dir='ltr'>et</span> <span class='ocrx_word' id='word_1_30' title='bbox 1225 711 1448 763; x_wconf 79' lang='lat' dir='ltr'>persuadet</span> <span class='ocrx_word' id='word_1_31' title='bbox 1465 711 1644 764; x_wconf 81' lang='lat' dir='ltr'>divitias,</span> 
     </span>
     <span class='ocr_line' id='line_1_6' title="bbox 166 794 1644 848; baseline 0 -14"><span class='ocrx_word' id='word_1_32' title='bbox 166 794 248 834; x_wconf 90' lang='lat' dir='ltr'>nisi</span> <span class='ocrx_word' id='word_1_33' title='bbox 296 807 393 834; x_wconf 86' lang='lat' dir='ltr'>cum</span> <span class='ocrx_word' id='word_1_34' title='bbox 444 794 553 834; x_wconf 86' lang='lat' dir='ltr'>bona</span> <span class='ocrx_word' id='word_1_35' title='bbox 599 794 837 834; x_wconf 81' lang='lat' dir='ltr'>valetudine</span> <span class='ocrx_word' id='word_1_36' title='bbox 878 797 918 834; x_wconf 91' lang='lat' dir='ltr'>et</span> <span class='ocrx_word' id='word_1_37' title='bbox 960 807 1061 834; x_wconf 88' lang='lat' dir='ltr'>sana</span> <span class='ocrx_word' id='word_1_38' title='bbox 1094 797 1234 834; x_wconf 90' lang='lat' dir='ltr'>mente</span> <span class='ocrx_word' id='word_1_39' title='bbox 1267 795 1515 847; x_wconf 84' lang='lat' dir='ltr'>conjunctae</span> <span class='ocrx_word' id='word_1_40' title='bbox 1548 796 1644 848; x_wconf 80' lang='lat' dir='ltr'>sint,</span> 
     </span>
     <span class='ocr_line' id='line_1_7' title="bbox 165 876 928 930; baseline 0.001 -14"><span class='ocrx_word' id='word_1_41' title='bbox 165 876 325 917; x_wconf 89' lang='lat' dir='ltr'>nullius</span> <span class='ocrx_word' id='word_1_42' title='bbox 357 878 478 930; x_wconf 83' lang='lat' dir='ltr'>pretii</span> <span class='ocrx_word' id='word_1_43' title='bbox 511 890 601 918; x_wconf 88' lang='lat' dir='ltr'>esse</span> <span class='ocrx_word' id='word_1_44' title='bbox 633 877 928 918; x_wconf 88' lang='lat' dir='ltr'>aestimandas.</span> 
     </span>
    </p>

    <p class='ocr_par' dir='ltr' id='par_1_3' title="bbox 163 959 1647 1751">
     <span class='ocr_line' id='line_1_8' title="bbox 223 959 1638 1014; baseline 0.001 -14"><span class='ocrx_word' id='word_1_45' title='bbox 223 960 276 1001; x_wconf 87' lang='lat' dir='ltr'>II.</span> <span class='ocrx_word' id='word_1_46' title='bbox 310 959 574 1014; x_wconf 81' lang='lat' dir='ltr'>Quantopere</span> <span class='ocrx_word' id='word_1_47' title='bbox 606 964 746 1001; x_wconf 90' lang='lat' dir='ltr'>autem</span> <span class='ocrx_word' id='word_1_48' title='bbox 783 960 996 1001; x_wconf 85' lang='lat' dir='ltr'>Lucianus</span> <span class='ocrx_word' id='word_1_49' title='bbox 1030 960 1138 1000; x_wconf 87' lang='lat' dir='ltr'>hanc</span> <span class='ocrx_word' id='word_1_50' title='bbox 1173 959 1429 1012; x_wconf 76' lang='lat' dir='ltr'>Cynicorum</span> <span class='ocrx_word' id='word_1_51' title='bbox 1459 961 1638 1001; x_wconf 78' lang='lat' dir='ltr'>ethicam</span> 
     </span>
     <span class='ocr_line' id='line_1_9' title="bbox 166 1042 1642 1097; baseline 0 -13"><span class='ocrx_word' id='word_1_52' title='bbox 166 1043 397 1084; x_wconf 86' lang='lat' dir='ltr'>doctrinam</span> <span class='ocrx_word' id='word_1_53' title='bbox 432 1045 473 1084; x_wconf 87' lang='lat' dir='ltr'>in</span> <span class='ocrx_word' id='word_1_54' title='bbox 511 1044 685 1097; x_wconf 80' lang='lat' dir='ltr'>dialogis</span> <span class='ocrx_word' id='word_1_55' title='bbox 720 1044 880 1083; x_wconf 85' lang='lat' dir='ltr'>variare</span> <span class='ocrx_word' id='word_1_56' title='bbox 913 1046 1082 1095; x_wconf 86' lang='lat' dir='ltr'>amaret,</span> <span class='ocrx_word' id='word_1_57' title='bbox 1117 1055 1138 1083; x_wconf 87' lang='lat' dir='ltr'>e</span> <span class='ocrx_word' id='word_1_58' title='bbox 1169 1042 1367 1094; x_wconf 70' lang='lat' dir='ltr'>Menippo</span> <span class='ocrx_word' id='word_1_59' title='bbox 1393 1044 1474 1084; x_wconf 71' lang='lat' dir='ltr'>sive</span> <span class='ocrx_word' id='word_1_60' title='bbox 1490 1043 1642 1097; x_wconf 65' lang='lat' dir='ltr'>Necyo-</span> 
     </span>
     <span class='ocr_line' id='line_1_10' title="bbox 164 1126 1642 1181; baseline 0.001 -15"><span class='ocrx_word' id='word_1_61' title='bbox 164 1126 321 1167; x_wconf 74' lang='lat' dir='ltr'>mantia</span> <span class='ocrx_word' id='word_1_62' title='bbox 362 1139 530 1167; x_wconf 89' lang='lat' dir='ltr'>cernere</span> <span class='ocrx_word' id='word_1_63' title='bbox 572 1127 680 1178; x_wconf 85' lang='lat' dir='ltr'>licet,</span> <span class='ocrx_word' id='word_1_64' title='bbox 712 1126 785 1166; x_wconf 91' lang='lat' dir='ltr'>ubi</span> <span class='ocrx_word' id='word_1_65' title='bbox 818 1126 955 1167; x_wconf 91' lang='lat' dir='ltr'>denuo</span> <span class='ocrx_word' id='word_1_66' title='bbox 988 1127 1137 1166; x_wconf 88' lang='lat' dir='ltr'>insana</span> <span class='ocrx_word' id='word_1_67' title='bbox 1168 1126 1393 1166; x_wconf 89' lang='lat' dir='ltr'>hominum</span> <span class='ocrx_word' id='word_1_68' title='bbox 1426 1127 1476 1167; x_wconf 92' lang='lat' dir='ltr'>ad</span> <span class='ocrx_word' id='word_1_69' title='bbox 1509 1127 1642 1181; x_wconf 83' lang='lat' dir='ltr'>digni-</span> 
     </span>
     <span class='ocr_line' id='line_1_11' title="bbox 166 1209 1643 1264; baseline 0.001 -14"><span class='ocrx_word' id='word_1_70' title='bbox 166 1213 270 1250; x_wconf 86' lang='lat' dir='ltr'>tates</span> <span class='ocrx_word' id='word_1_71' title='bbox 303 1211 514 1251; x_wconf 87' lang='lat' dir='ltr'>contentio</span> <span class='ocrx_word' id='word_1_72' title='bbox 547 1210 846 1263; x_wconf 87' lang='lat' dir='ltr'>perstringitur</span> <span class='ocrx_word' id='word_1_73' title='bbox 882 1210 1083 1261; x_wconf 53' lang='lat' dir='ltr'>(la-48)</span> <span class='ocrx_word' id='word_1_74' title='bbox 1117 1213 1156 1250; x_wconf 92' lang='lat' dir='ltr'>et</span> <span class='ocrx_word' id='word_1_75' title='bbox 1187 1209 1417 1250; x_wconf 86' lang='lat' dir='ltr'>inferorum</span> <span class='ocrx_word' id='word_1_76' title='bbox 1452 1210 1643 1264; x_wconf 86' lang='lat' dir='ltr'>plebisci-</span> 
     </span>
     <span class='ocr_line' id='line_1_12' title="bbox 168 1292 1647 1348; baseline 0.001 -14"><span class='ocrx_word' id='word_1_77' title='bbox 168 1298 258 1335; x_wconf 93' lang='lat' dir='ltr'>tum</span> <span class='ocrx_word' id='word_1_78' title='bbox 288 1294 339 1334; x_wconf 90' lang='lat' dir='ltr'>ad</span> <span class='ocrx_word' id='word_1_79' title='bbox 367 1294 612 1348; x_wconf 67' lang='lat' dir='ltr'>exemplum</span> <span class='ocrx_word' id='word_1_80' title='bbox 632 1294 868 1334; x_wconf 86' lang='lat' dir='ltr'>Atticorum</span> <span class='ocrx_word' id='word_1_81' title='bbox 888 1292 1160 1344; x_wconf 66' lang='grc' dir='ltr'>ψηφισμάτων</span> <span class='ocrx_word' id='word_1_82' title='bbox 1178 1295 1459 1348; x_wconf 87' lang='lat' dir='ltr'>compositum</span> <span class='ocrx_word' id='word_1_83' title='bbox 1482 1294 1647 1347; x_wconf 85' lang='lat' dir='ltr'>divites,</span> 
     </span>
     <span class='ocr_line' id='line_1_13' title="bbox 169 1377 1641 1432; baseline 0.001 -14"><span class='ocrx_word' id='word_1_84' title='bbox 169 1381 216 1418; x_wconf 91' lang='lat' dir='ltr'>ut</span> <span class='ocrx_word' id='word_1_85' title='bbox 248 1377 417 1431; x_wconf 88' lang='lat' dir='ltr'>benigni</span> <span class='ocrx_word' id='word_1_86' title='bbox 451 1379 547 1431; x_wconf 87' lang='lat' dir='ltr'>sint,</span> <span class='ocrx_word' id='word_1_87' title='bbox 579 1378 823 1418; x_wconf 84' lang='lat' dir='ltr'>adhortatur</span> <span class='ocrx_word' id='word_1_88' title='bbox 854 1379 948 1430; x_wconf 80' lang='lat'><strong>(20).</strong></span> <span class='ocrx_word' id='word_1_89' title='bbox 977 1377 1116 1419; x_wconf 85' lang='lat' dir='ltr'>Etiam</span> <span class='ocrx_word' id='word_1_90' title='bbox 1146 1379 1432 1432; x_wconf 86' lang='lat' dir='ltr'>philosophiae</span> <span class='ocrx_word' id='word_1_91' title='bbox 1451 1379 1641 1420; x_wconf 86' lang='lat' dir='ltr'>studium</span> 
     </span>
     <span class='ocr_line' id='line_1_14' title="bbox 170 1461 1641 1515; baseline 0.001 -15"><span class='ocrx_word' id='word_1_92' title='bbox 170 1461 222 1501; x_wconf 91' lang='lat' dir='ltr'>ad</span> <span class='ocrx_word' id='word_1_93' title='bbox 263 1461 368 1500; x_wconf 92' lang='lat' dir='ltr'>nihil</span> <span class='ocrx_word' id='word_1_94' title='bbox 402 1461 503 1501; x_wconf 90' lang='lat' dir='ltr'>utile</span> <span class='ocrx_word' id='word_1_95' title='bbox 534 1474 624 1502; x_wconf 89' lang='lat' dir='ltr'>esse</span> <span class='ocrx_word' id='word_1_96' title='bbox 657 1464 834 1501; x_wconf 87' lang='lat' dir='ltr'>testatur</span> <span class='ocrx_word' id='word_1_97' title='bbox 865 1461 1053 1514; x_wconf 75' lang='lat' dir='ltr'>Tiresias,</span> <span class='ocrx_word' id='word_1_98' title='bbox 1087 1474 1184 1502; x_wconf 89' lang='lat' dir='ltr'>cum</span> <span class='ocrx_word' id='word_1_99' title='bbox 1221 1463 1478 1515; x_wconf 84' lang='lat' dir='ltr'>privatorum</span> <span class='ocrx_word' id='word_1_100' title='bbox 1511 1463 1641 1503; x_wconf 89' lang='lat' dir='ltr'>vitam</span> 
     </span>
     <span class='ocr_line' id='line_1_15' title="bbox 168 1544 1643 1599; baseline 0.001 -15"><span class='ocrx_word' id='word_1_101' title='bbox 168 1544 458 1585; x_wconf 85' lang='lat' dir='ltr'>felicissimam</span> <span class='ocrx_word' id='word_1_102' title='bbox 493 1558 584 1586; x_wconf 89' lang='lat' dir='ltr'>esse</span> <span class='ocrx_word' id='word_1_103' title='bbox 612 1545 774 1598; x_wconf 83' lang='lat' dir='ltr'>judicat</span> <span class='ocrx_word' id='word_1_104' title='bbox 806 1546 901 1596; x_wconf 78' lang='lat'><strong>(21).</strong></span> <span class='ocrx_word' id='word_1_105' title='bbox 935 1544 1190 1585; x_wconf 89' lang='lat' dir='ltr'>Lucianeam</span> <span class='ocrx_word' id='word_1_106' title='bbox 1219 1546 1349 1599; x_wconf 88' lang='lat' dir='ltr'>igitur</span> <span class='ocrx_word' id='word_1_107' title='bbox 1374 1545 1643 1598; x_wconf 88' lang='lat' dir='ltr'>Necyoman-</span> 
     </span>
     <span class='ocr_line' id='line_1_16' title="bbox 163 1627 1644 1682; baseline 0.002 -15"><span class='ocrx_word' id='word_1_108' title='bbox 163 1628 265 1668; x_wconf 86' lang='lat' dir='ltr'>tiam</span> <span class='ocrx_word' id='word_1_109' title='bbox 300 1641 494 1682; x_wconf 87' lang='lat' dir='ltr'>magnam</span> <span class='ocrx_word' id='word_1_110' title='bbox 529 1631 687 1682; x_wconf 85' lang='lat' dir='ltr'>partem</span> <span class='ocrx_word' id='word_1_111' title='bbox 723 1627 967 1682; x_wconf 86' lang='lat' dir='ltr'>Menippeae</span> <span class='ocrx_word' id='word_1_112' title='bbox 1002 1627 1171 1674; x_wconf 70' lang='grc' dir='ltr'><em>Νεκυίας</em></span> <span class='ocrx_word' id='word_1_113' title='bbox 1203 1629 1483 1669; x_wconf 88' lang='lat' dir='ltr'>imitationem</span> <span class='ocrx_word' id='word_1_114' title='bbox 1514 1629 1644 1670; x_wconf 84' lang='lat' dir='ltr'>fuisse</span> 
     </span>
     <span class='ocr_line' id='line_1_17' title="bbox 168 1710 797 1751; baseline 0.002 -1"><span class='ocrx_word' id='word_1_115' title='bbox 168 1710 275 1750; x_wconf 90' lang='lat' dir='ltr'>nulli</span> <span class='ocrx_word' id='word_1_116' title='bbox 307 1710 539 1751; x_wconf 87' lang='lat' dir='ltr'>absurdum</span> <span class='ocrx_word' id='word_1_117' title='bbox 577 1710 797 1751; x_wconf 87' lang='lat' dir='ltr'>videbitur.</span> 
     </span>
    </p>

    <p class='ocr_par' dir='ltr' id='par_1_4' title="bbox 165 1792 1644 2753">
     <span class='ocr_line' id='line_1_18' title="bbox 224 1792 1640 1848; baseline 0.001 -15"><span class='ocrx_word' id='word_1_118' title='bbox 224 1792 299 1833; x_wconf 91' lang='lat' dir='ltr'>III.</span> <span class='ocrx_word' id='word_1_119' title='bbox 327 1793 564 1834; x_wconf 88' lang='lat' dir='ltr'>Lucianum</span> <span class='ocrx_word' id='word_1_120' title='bbox 594 1794 855 1834; x_wconf 91' lang='lat' dir='ltr'>comicorum</span> <span class='ocrx_word' id='word_1_121' title='bbox 880 1794 1067 1847; x_wconf 86' lang='lat' dir='ltr'>vestigiis</span> <span class='ocrx_word' id='word_1_122' title='bbox 1084 1795 1351 1835; x_wconf 85' lang='lat' dir='ltr'>insistentem</span> <span class='ocrx_word' id='word_1_123' title='bbox 1371 1795 1640 1848; x_wconf 88' lang='lat' dir='ltr'>philosophos</span> 
     </span>
     <span class='ocr_line' id='line_1_19' title="bbox 165 1877 1643 1932; baseline 0.002 -16"><span class='ocrx_word' id='word_1_124' title='bbox 165 1877 209 1916; x_wconf 91' lang='lat' dir='ltr'>in</span> <span class='ocrx_word' id='word_1_125' title='bbox 251 1877 384 1917; x_wconf 87' lang='lat' dir='ltr'>risum</span> <span class='ocrx_word' id='word_1_126' title='bbox 430 1878 645 1918; x_wconf 84' lang='lat' dir='ltr'>vocavisse</span> <span class='ocrx_word' id='word_1_127' title='bbox 687 1890 709 1917; x_wconf 94' lang='lat' dir='ltr'>e</span> <span class='ocrx_word' id='word_1_128' title='bbox 748 1877 935 1917; x_wconf 87' lang='lat' dir='ltr'>Parasito</span> <span class='ocrx_word' id='word_1_129' title='bbox 969 1881 1009 1917; x_wconf 91' lang='lat' dir='ltr'>et</span> <span class='ocrx_word' id='word_1_130' title='bbox 1040 1877 1238 1918; x_wconf 88' lang='lat' dir='ltr'>Vitarum</span> <span class='ocrx_word' id='word_1_131' title='bbox 1272 1878 1482 1919; x_wconf 85' lang='lat' dir='ltr'>Auctione</span> <span class='ocrx_word' id='word_1_132' title='bbox 1515 1892 1643 1932; x_wconf 84' lang='lat' dir='ltr'>supra</span> 
     </span>
     <span class='ocr_line' id='line_1_20' title="bbox 165 1959 1643 2015; baseline 0.001 -15"><span class='ocrx_word' id='word_1_133' title='bbox 165 1959 377 2011; x_wconf 85' lang='lat' dir='ltr'>vidimus;</span> <span class='ocrx_word' id='word_1_134' title='bbox 421 1961 621 2014; x_wconf 85' lang='lat' dir='ltr'>quoniam</span> <span class='ocrx_word' id='word_1_135' title='bbox 661 1964 801 2001; x_wconf 90' lang='lat' dir='ltr'>autem</span> <span class='ocrx_word' id='word_1_136' title='bbox 836 1962 878 2000; x_wconf 87' lang='lat' dir='ltr'>in</span> <span class='ocrx_word' id='word_1_137' title='bbox 913 1960 1124 2001; x_wconf 87' lang='lat' dir='ltr'>Piscatore</span> <span class='ocrx_word' id='word_1_138' title='bbox 1156 1960 1379 2015; x_wconf 87' lang='lat' dir='ltr'>Menippus</span> <span class='ocrx_word' id='word_1_139' title='bbox 1411 1965 1643 2014; x_wconf 89' lang='lat' dir='ltr'>accusatur,</span> 
     </span>
     <span class='ocr_line' id='line_1_21' title="bbox 167 2043 1640 2099; baseline 0.001 -15"><span class='ocrx_word' id='word_1_140' title='bbox 167 2044 278 2097; x_wconf 90' lang='lat' dir='ltr'>quod</span> <span class='ocrx_word' id='word_1_141' title='bbox 326 2045 369 2083; x_wconf 90' lang='lat' dir='ltr'>in</span> <span class='ocrx_word' id='word_1_142' title='bbox 416 2045 493 2084; x_wconf 91' lang='lat' dir='ltr'>hoc</span> <span class='ocrx_word' id='word_1_143' title='bbox 540 2048 787 2097; x_wconf 90' lang='lat' dir='ltr'>argumento</span> <span class='ocrx_word' id='word_1_144' title='bbox 834 2043 1069 2084; x_wconf 88' lang='lat' dir='ltr'>Lucianum</span> <span class='ocrx_word' id='word_1_145' title='bbox 1110 2045 1333 2097; x_wconf 86' lang='lat' dir='ltr'>juvaverit,</span> <span class='ocrx_word' id='word_1_146' title='bbox 1371 2045 1640 2099; x_wconf 90' lang='lat' dir='ltr'>Menippeum</span> 
     </span>
     <span class='ocr_line' id='line_1_22' title="bbox 165 2126 1643 2181; baseline 0.001 -14"><span class='ocrx_word' id='word_1_147' title='bbox 165 2139 282 2180; x_wconf 83' lang='lat' dir='ltr'>opus,</span> <span class='ocrx_word' id='word_1_148' title='bbox 326 2126 399 2166; x_wconf 91' lang='lat' dir='ltr'>ubi</span> <span class='ocrx_word' id='word_1_149' title='bbox 440 2126 728 2167; x_wconf 88' lang='lat' dir='ltr'>deriderentur</span> <span class='ocrx_word' id='word_1_150' title='bbox 764 2128 888 2180; x_wconf 83' lang='lat' dir='ltr'>prisci</span> <span class='ocrx_word' id='word_1_151' title='bbox 922 2127 1169 2181; x_wconf 83' lang='lat' dir='ltr'>philosophi,</span> <span class='ocrx_word' id='word_1_152' title='bbox 1202 2132 1344 2168; x_wconf 83' lang='lat' dir='ltr'>extare</span> <span class='ocrx_word' id='word_1_153' title='bbox 1379 2128 1535 2181; x_wconf 85' lang='lat' dir='ltr'>debuit,</span> <span class='ocrx_word' id='word_1_154' title='bbox 1566 2142 1643 2170; x_wconf 91' lang='lat' dir='ltr'>nec</span> 
     </span>
     <span class='ocr_line' id='line_1_23' title="bbox 167 2209 1642 2267; baseline 0.003 -17"><span class='ocrx_word' id='word_1_155' title='bbox 167 2209 311 2250; x_wconf 91' lang='lat' dir='ltr'>dubito</span> <span class='ocrx_word' id='word_1_156' title='bbox 344 2211 449 2263; x_wconf 87' lang='lat' dir='ltr'>quin</span> <span class='ocrx_word' id='word_1_157' title='bbox 481 2210 604 2250; x_wconf 88' lang='lat' dir='ltr'>etiam</span> <span class='ocrx_word' id='word_1_158' title='bbox 640 2223 754 2250; x_wconf 89' lang='lat' dir='ltr'>nunc</span> <span class='ocrx_word' id='word_1_159' title='bbox 787 2211 989 2263; x_wconf 74' lang='lat' dir='ltr'>supersit,</span> <span class='ocrx_word' id='word_1_160' title='bbox 1026 2224 1138 2263; x_wconf 88' lang='lat' dir='ltr'>nam,</span> <span class='ocrx_word' id='word_1_161' title='bbox 1171 2212 1253 2251; x_wconf 89' lang='lat' dir='ltr'>nisi</span> <span class='ocrx_word' id='word_1_162' title='bbox 1281 2211 1412 2263; x_wconf 86' lang='lat' dir='ltr'>fallor,</span> <span class='ocrx_word' id='word_1_163' title='bbox 1440 2212 1642 2267; x_wconf 85' lang='lat' dir='ltr'>hocopus</span> 
     </span>
     <span class='ocr_line' id='line_1_24' title="bbox 166 2291 1642 2347; baseline 0.001 -12"><span class='ocrx_word' id='word_1_164' title='bbox 166 2297 229 2335; x_wconf 87' lang='lat' dir='ltr'>est</span> <span class='ocrx_word' id='word_1_165' title='bbox 269 2291 436 2345; x_wconf 69' lang='lat' dir='ltr'>Dialoyz&#39;</span> <span class='ocrx_word' id='word_1_166' title='bbox 472 2293 742 2346; x_wconf 74' lang='lat' dir='ltr'>Mortuormn,</span> <span class='ocrx_word' id='word_1_167' title='bbox 777 2293 848 2334; x_wconf 90' lang='lat' dir='ltr'>ubi</span> <span class='ocrx_word' id='word_1_168' title='bbox 882 2294 974 2334; x_wconf 91' lang='lat' dir='ltr'>dial.</span> <span class='ocrx_word' id='word_1_169' title='bbox 1010 2293 1133 2347; x_wconf 86' lang='lat' dir='ltr'>XIII,</span> <span class='ocrx_word' id='word_1_170' title='bbox 1164 2293 1264 2347; x_wconf 86' lang='lat' dir='ltr'>XX,</span> <span class='ocrx_word' id='word_1_171' title='bbox 1296 2294 1406 2335; x_wconf 88' lang='lat' dir='ltr'>XXI</span> <span class='ocrx_word' id='word_1_172' title='bbox 1442 2296 1540 2336; x_wconf 86' lang='lat' dir='ltr'>mali</span> <span class='ocrx_word' id='word_1_173' title='bbox 1573 2311 1642 2337; x_wconf 90' lang='lat' dir='ltr'>ru-</span> 
     </span>
     <span class='ocr_line' id='line_1_25' title="bbox 169 2376 1644 2434; baseline 0.003 -18"><span class='ocrx_word' id='word_1_174' title='bbox 169 2389 307 2417; x_wconf 88' lang='lat' dir='ltr'>mores</span> <span class='ocrx_word' id='word_1_175' title='bbox 340 2377 390 2417; x_wconf 90' lang='lat' dir='ltr'>de</span> <span class='ocrx_word' id='word_1_176' title='bbox 422 2376 670 2430; x_wconf 85' lang='lat' dir='ltr'>Pythagora,</span> <span class='ocrx_word' id='word_1_177' title='bbox 703 2376 884 2430; x_wconf 83' lang='lat' dir='ltr'>Socrate,</span> <span class='ocrx_word' id='word_1_178' title='bbox 916 2377 1102 2431; x_wconf 89' lang='lat' dir='ltr'>Platone,</span> <span class='ocrx_word' id='word_1_179' title='bbox 1135 2379 1361 2420; x_wconf 88' lang='lat' dir='ltr'>Aristotele</span> <span class='ocrx_word' id='word_1_180' title='bbox 1389 2384 1644 2434; x_wconf 87' lang='lat' dir='ltr'>sparguntur</span> 
     </span>
     <span class='ocr_line' id='line_1_26' title="bbox 169 2460 1640 2516; baseline 0.003 -14"><span class='ocrx_word' id='word_1_181' title='bbox 169 2464 209 2502; x_wconf 88' lang='lat' dir='ltr'>et</span> <span class='ocrx_word' id='word_1_182' title='bbox 250 2462 338 2515; x_wconf 90' lang='lat' dir='ltr'>ipse</span> <span class='ocrx_word' id='word_1_183' title='bbox 384 2460 607 2515; x_wconf 86' lang='lat' dir='ltr'>Menippus</span> <span class='ocrx_word' id='word_1_184' title='bbox 651 2463 694 2501; x_wconf 90' lang='lat' dir='ltr'>in</span> <span class='ocrx_word' id='word_1_185' title='bbox 738 2461 883 2502; x_wconf 88' lang='lat' dir='ltr'>decem</span> <span class='ocrx_word' id='word_1_186' title='bbox 928 2462 1103 2516; x_wconf 88' lang='lat' dir='ltr'>dialogis</span> <span class='ocrx_word' id='word_1_187' title='bbox 1146 2463 1384 2504; x_wconf 88' lang='lat' dir='ltr'>mordacem</span> <span class='ocrx_word' id='word_1_188' title='bbox 1432 2463 1640 2516; x_wconf 86' lang='lat' dir='ltr'>Cynicum</span> 
     </span>
     <span class='ocr_line' id='line_1_27' title="bbox 169 2542 1644 2601; baseline 0.003 -17"><span class='ocrx_word' id='word_1_189' title='bbox 169 2543 264 2597; x_wconf 86' lang='lat' dir='ltr'>agit.</span> <span class='ocrx_word' id='word_1_190' title='bbox 312 2542 460 2597; x_wconf 88' lang='lat' dir='ltr'>Neque</span> <span class='ocrx_word' id='word_1_191' title='bbox 506 2544 658 2597; x_wconf 87' lang='lat' dir='ltr'>placita</span> <span class='ocrx_word' id='word_1_192' title='bbox 705 2544 754 2585; x_wconf 92' lang='lat' dir='ltr'>de</span> <span class='ocrx_word' id='word_1_193' title='bbox 798 2545 883 2585; x_wconf 85' lang='lat' dir='ltr'>vita</span> <span class='ocrx_word' id='word_1_194' title='bbox 927 2544 1114 2585; x_wconf 88' lang='lat' dir='ltr'>humana</span> <span class='ocrx_word' id='word_1_195' title='bbox 1158 2545 1322 2598; x_wconf 85' lang='lat' dir='ltr'>desunt,</span> <span class='ocrx_word' id='word_1_196' title='bbox 1355 2547 1454 2599; x_wconf 90' lang='lat' dir='ltr'>quia</span> <span class='ocrx_word' id='word_1_197' title='bbox 1486 2547 1579 2588; x_wconf 90' lang='lat' dir='ltr'>dial.</span> <span class='ocrx_word' id='word_1_198' title='bbox 1612 2548 1644 2601; x_wconf 79' lang='grc' dir='ltr'>Ι,</span> 
     </span>
     <span class='ocr_line' id='line_1_28' title="bbox 169 2627 1643 2683; baseline 0.003 -15"><span class='ocrx_word' id='word_1_199' title='bbox 169 2627 224 2681; x_wconf 86' lang='lat' dir='ltr'>II,</span> <span class='ocrx_word' id='word_1_200' title='bbox 254 2632 293 2669; x_wconf 88' lang='lat' dir='ltr'>et</span> <span class='ocrx_word' id='word_1_201' title='bbox 323 2627 498 2669; x_wconf 87' lang='lat' dir='ltr'>XXVII</span> <span class='ocrx_word' id='word_1_202' title='bbox 531 2629 773 2669; x_wconf 86' lang='lat' dir='ltr'>divitiarum</span> <span class='ocrx_word' id='word_1_203' title='bbox 808 2629 972 2682; x_wconf 85' lang='lat' dir='ltr'>cupido,</span> <span class='ocrx_word' id='word_1_204' title='bbox 1003 2628 1154 2668; x_wconf 89' lang='lat' dir='ltr'>XXIV</span> <span class='ocrx_word' id='word_1_205' title='bbox 1188 2629 1478 2683; x_wconf 89' lang='lat' dir='ltr'>sepulcrorum</span> <span class='ocrx_word' id='word_1_206' title='bbox 1515 2632 1643 2673; x_wconf 78' lang='lat' dir='ltr'>luxus</span> 
     </span>
     <span class='ocr_line' id='line_1_29' title="bbox 170 2712 392 2753; baseline 0 0"><span class='ocrx_word' id='word_1_207' title='bbox 170 2712 392 2753; x_wconf 85' lang='lat' dir='ltr'>deridetur.</span> 
     </span>
    </p>

    <p class='ocr_par' dir='ltr' id='par_1_5' title="bbox 229 2794 1644 2852">
     <span class='ocr_line' id='line_1_30' title="bbox 229 2794 1644 2852; baseline 0.004 -17"><span class='ocrx_word' id='word_1_208' title='bbox 229 2794 301 2836; x_wconf 89' lang='lat' dir='ltr'>IV.</span> <span class='ocrx_word' id='word_1_209' title='bbox 340 2794 510 2836; x_wconf 88' lang='lat' dir='ltr'>Praeter</span> <span class='ocrx_word' id='word_1_210' title='bbox 540 2795 827 2850; x_wconf 89' lang='lat' dir='ltr'>philosophiae</span> <span class='ocrx_word' id='word_1_211' title='bbox 857 2795 1209 2851; x_wconf 89' lang='lat' dir='ltr'>improbationem</span> <span class='ocrx_word' id='word_1_212' title='bbox 1243 2795 1422 2838; x_wconf 84' lang='lat' dir='ltr'>Tiresiae</span> <span class='ocrx_word' id='word_1_213' title='bbox 1452 2798 1496 2839; x_wconf 92' lang='lat' dir='ltr'>in</span> <span class='ocrx_word' id='word_1_214' title='bbox 1532 2799 1644 2852; x_wconf 85' lang='lat' dir='ltr'>„Me-</span> 
     </span>
    </p>
   </div>
  </div>
 </body>
</html>
