1934 3334
1004 351 1085 390 122

308 489 363 530 ἔτι
391 490 429 530 οὐ
456 493 550 542 κυνᾷ
577 492 800 531 accusatus
827 493 947 531 acute
974 492 1198 545 respondet
1223 491 1333 532 ἄλλοι
1359 491 1407 532 σὺ
1438 492 1505 532 οὐκ
1536 491 1790 544 ἀνθρωπίζεις.-

302 573 453 614 Nonne
493 572 678 614 Luciano
722 574 884 615 amicus
917 586 1008 615 esse
1040 574 1185 616 debuit
1216 575 1285 616 ille
1319 574 1541 616 Demonax
1572 574 1786 625 ὁμοδίαιτος

304 654 450 697 ἅπασιν
491 655 538 696 ὣν
579 655 646 697 καὶ
689 655 803 708 πεζὸς
844 656 911 698 ux)
952 657 1028 698 οὐδ’
1071 658 1132 699 ἐπ’
1176 658 1302 709 ὀλίγον
1346 658 1460 710 τύφῳ
1493 657 1664 711 κάτοχος
1695 659 1784 713 (5)?

307 739 472 794 Optime
512 741 557 780 in
598 739 896 783 Demonactem
928 743 1128 783 convenit
1158 743 1294 797 imago
1329 743 1502 797 perfecti
1533 743 1787 798 philosophi,

307 837 433 878 quam
465 823 679 866 Lucianus
709 826 752 865 in
784 824 961 879 Nigrino
994 829 1034 867 et
1067 825 1165 866 alibi
1194 825 1275 867 sibi
1306 826 1498 867 finxerat.

363 890 535 948 Utinam
567 908 637 949 ille
668 908 798 962 locus,
829 908 904 949 ubi
937 909 987 950 de
1019 908 1194 950 Sostrati
1227 909 1326 950 Vita
1357 909 1403 950 fit
1434 911 1605 963 mentm,
1636 922 1689 952 ne
1717 909 1788 952 ob-

309 994 445 1044 staret,
495 993 723 1045 quominus
771 1006 938 1034 omnem
981 994 1262 1047 suspicionem
1309 993 1358 1034 de
1401 993 1618 1034 authentia
1648 994 1788 1044 redar-

304 1088 541 1129 gueremus.
589 1076 749 1117 Iterum
795 1078 926 1130 igitur
973 1077 1112 1131 verba,
1155 1090 1263 1131 quae
1295 1077 1461 1119 duabus
1493 1078 1639 1132 primis
1670 1091 1789 1132 para-

303 1160 473 1214 graphis
514 1161 727 1214 leguntur,
773 1162 1069 1215 inspiciamus:
1105 1162 1155 1203 de
1187 1161 1372 1203 sostrato
1405 1165 1571 1216 propter
1602 1164 1788 1217 corporis

307 1244 507 1284 virtutem
540 1244 762 1297 laudando,
795 1250 835 1285 et
868 1245 918 1286 de
935 1244 1192 1287 Demonacte
1211 1247 1366 1300 optimo
1385 1246 1632 1300 philosopho
1651 1259 1787 1288 sermo

310 1339 401 1368 esse
448 1327 625 1368 videtur.
675 1327 941 1383 Quantopere
987 1333 1126 1371 autem
1175 1330 1245 1371 ille
1291 1331 1490 1384 rusticus,
1533 1331 1569 1371 si
1599 1329 1787 1372 Luciano

308 1411 501 1465 cognitus
555 1411 714 1462 fuisset,
761 1413 947 1454 taedium
995 1417 1035 1454 et
1082 1415 1215 1455 risum
1264 1416 1302 1455 ei
1348 1427 1514 1456 movere
1562 1414 1788 1469 debuisset,

307 1508 434 1549 supra
461 1496 548 1549 jam
581 1497 681 1537 satis
714 1497 887 1538 ostendi.

367 1578 519 1621 Nonne
551 1581 640 1634 ipse
672 1580 898 1633 Lucianus,
933 1595 1015 1635 qua
1048 1583 1116 1623 via
1132 1582 1252 1623 illum
1272 1583 1494 1624 molestum
1512 1581 1748 1624 Sostratum
1767 1595 1790 1624 e

309 1661 582 1705 Demonactis
615 1664 714 1705 Vita
745 1666 1019 1720 expellamus,
1050 1666 1173 1708 nobis
1205 1667 1657 1722 monstravitPAmple
1674 1668 1787 1708 enim

309 1747 360 1789 de
400 1746 670 1790 Demonactis
711 1749 997 1804 philosophiae
1030 1753 1285 1805 praestantia
1314 1752 1483 1793 locutus
1519 1753 1687 1806 scripsit
1719 1752 1788 1805 §4

312 1829 514 1881 Δημῶναξ
544 1832 608 1873 καὶ
640 1833 681 1874 τὸ
708 1836 824 1883 σῶμα
841 1833 1112 1884 ἐγεγύμναστο
1130 1835 1192 1876 nx)
1210 1836 1299 1888 πρὸς
1317 1836 1513 1889 καρτερίαν
1530 1835 1787 1884 διεπεπόνητο,

367 1915 483 1965 Quae
515 1930 611 1957 cum
643 1918 700 1958 ita
732 1919 827 1971 sint,
860 1932 943 1959 non
977 1920 1028 1960 ad
1061 1920 1157 1973 duo,
1189 1921 1263 1962 sed
1296 1921 1346 1962 ad
1381 1934 1514 1962 unum
1547 1924 1587 1962 et
1604 1921 1785 1962 eundem

308 2000 459 2050 virum,
502 1999 802 2042 Demonactem
842 2014 1003 2056 nempe,
1039 2003 1165 2044 verba
1198 2017 1251 2045 ex
1282 2005 1402 2045 initio
1436 2003 1618 2054 σώματος
1651 2002 1789 2055 ἀρετὴν

307 2082 484 2135 ὑπερφυᾶ
533 2081 600 2124 καὶ
647 2083 806 2133 γνώμην
853 2082 973 2136 ἄκρως
1021 2085 1235 2138 φιλόσοφον
1282 2087 1499 2129 referenda
1548 2099 1640 2129 esse
1681 2088 1787 2128 mihi

308 2168 525 2220 videntur3
563 2169 674 2210 unde
707 2171 900 2223 sequitur
930 2174 1059 2212 totam
1093 2171 1363 2213 Denionactis
1401 2171 1700 2226 praefationem
1735 2171 1785 2212 ab

309 2263 356 2292 eo
390 2264 480 2293 esse
511 2253 787 2300 immutatam,
820 2255 893 2308 qui
925 2255 1067 2296 Vitam
1101 2255 1278 2297 Sostrati
1311 2255 1433 2297 nobis
1465 2268 1539 2310 pro
1568 2268 1690 2310 opere
1706 2255 1788 2297 Lu-

310 2338 452 2378 cianeo
486 2338 704 2379 venditare
736 2342 958 2380 conaretur
976 2339 1016 2393 1).

555 2495 592 2536 5.
625 2495 690 2536 De
720 2495 907 2537 Luciam
938 2496 995 2537 ad
1025 2498 1265 2538 senectutem
1299 2494 1542 2550 cleveryente.

367 2616 394 2657 J
397 2630 461 2657 am
496 2631 622 2671 supra
652 2632 747 2659 cum
782 2619 833 2660 de
865 2619 1081 2673 Peregrini
1113 2619 1248 2660 Morte
1271 2618 1397 2660 verba
1423 2618 1616 2671 facerem,
1640 2618 1790 2660 Lucia-

308 2713 410 2762 num
454 2701 548 2741 odio
590 2702 809 2757 abreptum
842 2704 963 2744 illum
997 2704 1289 2758 philosophum
1322 2705 1502 2758 eiusque
1535 2704 1787 2758 discipulum

354 2854 389 2896 ’1)
416 2854 525 2887 Etiam
561 2856 661 2888 verba
684 2857 724 2889 de
747 2857 934 2890 Timocrate
957 2859 991 2889 in
1016 2857 1067 2900 §3
1090 2859 1203 2899 postea
1227 2859 1353 2890 inserta
1377 2868 1448 2890 esse
1472 2868 1532 2899 pro
1554 2860 1644 2890 certo
1667 2860 1791 2890 statuo.
