1934 3334
865 330 917 371 97

151 471 351 526 promisit.
382 470 529 525 Neque
560 470 686 512 fidem
715 473 925 524 praestare
952 471 1152 522 cessavit3
1183 483 1279 511 nam
1309 470 1471 525 dialogo
1499 470 1624 525 Fugi-

156 555 254 596 tivis
287 557 326 595 et
357 554 463 595 libro
496 554 546 595 de
577 553 710 594 Morte
740 553 956 607 Peregrini
988 551 1180 606 Cynicos,
1214 555 1287 607 qui
1312 554 1649 595 Antoninorum.

156 636 413 692 temporibus
470 649 645 677 numero
703 639 742 676 et
798 636 1023 689 conspicuo
1072 639 1220 676 ornatu
1269 636 1445 676 aliorum
1493 639 1625 677 sectas

157 721 420 775 superabant,
450 719 703 773 impuritatis
736 722 775 759 et
807 719 1031 759 iactantiae
1063 719 1335 760 insimulavit.

212 803 328 845 Licet
359 806 498 853 autem
527 801 806 855 Fuyitivorum
834 802 1014 853 initium,
1039 801 1112 842 ubi
1141 803 1317 856 scriptor
1343 802 1395 843 ad
1412 802 1628 857 Peregrini

157 888 449 929 cremationem
483 885 603 939 quasi
635 884 686 925 ad
717 896 804 925 rem
834 883 1030 925 omnibus
1057 888 1198 925 notam
1225 885 1385 938 alludit,
1403 886 1630 927 verisimile

155 970 299 1011 reddat
326 968 528 1011 diatriben
557 968 607 1009 de
633 968 759 1008 huius
788 967 937 1020 Cynici
965 971 1098 1009 morte
1114 969 1293 1023 priorem
1312 982 1403 1011 esse
1421 970 1629 1024 scriptam,

154 1056 293 1094 tamen
327 1055 373 1093 ut
402 1053 569 1093 inversa
599 1052 758 1092 ratione
790 1050 1115 1105 disputationem
1150 1053 1391 1106 inciperem,
1423 1053 1530 1094 duae
1562 1066 1628 1094 me

155 1148 304 1177 causae
345 1137 671 1176 commoverunt.
714 1134 782 1175 Ad
809 1134 967 1188 Judicia
999 1135 1124 1187 enim,
1157 1148 1265 1189 quae
1297 1136 1348 1178 de
1380 1136 1628 1190 aequalibus

153 1219 410 1274 philosophis
440 1220 482 1259 in
516 1218 589 1259 Bis
621 1217 830 1258 Accusato
865 1220 905 1258 et
931 1218 974 1258 in
991 1217 1204 1260 Piscatore
1220 1219 1384 1273 tulerat,
1400 1220 1628 1274 respiciens

152 1302 366 1344 Lucianus
410 1303 455 1343 in
502 1304 643 1343 nostro
691 1301 851 1355 dialogo
898 1300 1014 1355 (Fug.
1061 1302 1131 1351 24)
1171 1303 1230 1342 ita
1266 1303 1505 1356 opinionem
1537 1315 1630 1343 mu-

153 1386 268 1440 tavit,
300 1389 348 1427 ut
378 1398 484 1439 quos
516 1384 753 1439 probandos
786 1386 907 1424 antea
939 1382 1117 1437 πολλούς,
1135 1384 1285 1426 deinde
1301 1384 1407 1430 τινάς
1426 1389 1630 1439 vocasset,

154 1482 267 1510 nunc
297 1471 341 1510 in
372 1467 474 1510 πάνυ
501 1467 650 1518 ὀλίγους
678 1467 949 1509 contraheret.
966 1467 1135 1509 Indoles
1153 1481 1322 1522 quoque
1338 1468 1631 1523 Fugitivorum

152 1552 237 1594 fere
268 1552 412 1594 eadem
444 1555 517 1604 est,
550 1564 658 1605 quae
688 1551 733 1591 in
763 1550 1050 1605 praecedentis
1083 1552 1228 1592 aetatis
1257 1551 1430 1606 dialogis
1464 1553 1628 1606 conspi-

153 1637 270 1677 citur.
301 1634 408 1676 Nam
439 1634 667 1687 Lucianus,
699 1634 772 1688 qui
804 1637 888 1674 tam
923 1633 995 1674 diu
1029 1634 1073 1674 in
1107 1633 1374 1675 Comicorum
1400 1635 1633 1676 imitatione

153 1722 343 1761 versatus
374 1719 595 1773 magistros
627 1720 794 1772 repente
827 1717 1018 1758 deserere
1046 1730 1131 1758 non
1149 1721 1302 1771 posset,
1320 1721 1453 1759 totum
1472 1717 1634 1772 dialogi

152 1803 279 1844 finem
319 1803 533 1856 (22-23),
567 1800 639 1842 ubi
672 1804 754 1842 tres
787 1800 984 1854 aequales
1019 1801 1139 1855 quasi
1172 1801 1284 1842 servi
1316 1800 1485 1855 fugitivi
1517 1802 1633 1841 exci-

152 1888 337 1942 piuntur,
367 1886 418 1927 ad
448 1885 684 1927 comoediae
701 1898 887 1925 normam
908 1885 1129 1938 expressit.
1147 1884 1353 1939 Inspicias
1371 1885 1510 1925 locum
1529 1885 1630 1938 (31),

153 1971 225 2012 ubi
255 1984 364 2025 pera,
400 1983 525 2025 quam
558 1969 792 2011 Cantharus
824 1970 1000 2022 cynicus
1033 1981 1177 2010 secum
1210 1972 1409 2023 gesserat,
1437 1981 1631 2018 excussa,

153 2069 237 2098 non
269 2057 421 2098 ciceres
453 2055 518 2097 vel
543 2054 779 2096 crustulum
805 2055 942 2108 panis,
959 2054 1031 2095 sed
1047 2052 1143 2105 ζώνη
1173 2052 1391 2105 χρυσίου
1410 2051 1631 2107 deprendi-

152 2143 231 2181 tur.
263 2138 466 2181 Hercules
498 2150 653 2190 eorum,
685 2138 758 2192 qui
789 2137 992 2192 fugitivos
1023 2138 1234 2191 persecuti
1264 2139 1394 2190 eraut,
1426 2139 1628 2177 strenuus

152 2223 316 2276 adjutor
356 2221 583 2263 exclamat:
629 2219 685 2269 μὴ
718 2218 934 2271 θωμάσῃς·
971 2220 1116 2266 κυνικὸς
1148 2220 1224 2271 γὰρ
1255 2217 1427 2271 ἔφασκεν
1460 2214 1551 2259 εἶναι
1585 2217 1628 2259 τὸ

152 2305 304 2357 πρόσθεν
345 2303 409 2345 ἐπὶ
451 2307 521 2351 τῆς
564 2301 771 2348 Ἑλλάδος·
803 2302 966 2343 ἐνταῦθα
1000 2301 1039 2343 δὲ
1072 2301 1431 2353 Χρυσίππειος
1462 2300 1632 2353 ἀκριβῶς

151 2387 263 2434 ἐστίν,
294 2400 479 2442 quocum
493 2387 576 2441 joci
594 2399 616 2428 e
635 2386 845 2427 Piscatore
863 2387 946 2439 (45,
965 2387 1033 2438 51)
1053 2386 1295 2427 conferendi
1314 2389 1424 2427 sunt.
1444 2384 1632 2434 Quanto-

152 2484 249 2527 pere
296 2475 436 2513 autem
481 2483 554 2525 per
599 2474 728 2511 totam
775 2470 881 2510 hanc
929 2482 1095 2511 scenam
1133 2471 1390 2510 comicorum
1422 2469 1633 2510 festivitas

153 2558 309 2610 regnet,
339 2555 430 2609 ipsa
461 2552 715 2607 Cynicorum
747 2554 918 2594 nomina
948 2553 1136 2607 probant,
1173 2566 1354 2607 quorum
1387 2566 1500 2594 unus
1532 2565 1635 2593 con-

154 2640 368 2680 venienter
406 2636 611 2691 squalidis
649 2636 835 2677 moribus
874 2635 1120 2688 Cantharus,
1157 2635 1240 2676 duo
1272 2635 1360 2675 κατ’
1396 2633 1629 2687 ἀντίφρασιν

152 2720 384 2774 Lecythion
414 2724 454 2762 et
486 2718 719 2774 Myropnus
751 2722 969 2760 vocantur.

208 2803 427 2846 Habemus
481 2804 611 2858 igitur
658 2803 877 2858 Fugitivos
927 2803 1047 2857 quasi
1093 2803 1275 2857 primum
1326 2803 1633 2857 testimonium,

1485 2875 1505 2909 7
