1934 3334
862 348 940 388 101

167 485 278 525 enim
321 483 531 526 Christum
573 485 636 526 τὸν
679 484 1055 527 ἀνασκολοπισθέντα
1095 484 1281 538 ἄνθρωπον
1325 488 1413 529 sive
1462 487 1524 529 τὸν
1556 488 1639 529 dve-

166 566 463 617 σκολοπισμένον
494 567 682 620 σοφιστήν
714 571 754 610 et
772 581 854 622 eos,
872 570 944 623 qui
960 570 1074 611 illius
1092 572 1320 625 praeceptis
1338 571 1493 612 addicti
1512 574 1640 625 erant,

162 650 446 700 κακοδαίμονας
478 653 698 706 ipsamque
729 652 974 706 religionem
1011 653 1239 703 θαυμαστὴν
1267 654 1409 706 σοφίαν
1440 656 1641 709 nominat,

163 747 338 788 magnae
368 736 623 776 reverentiae
653 736 873 789 proximus
901 748 984 776 non
1016 739 1078 777 est
1103 737 1326 790 putandus.
1357 737 1506 792 Neque
1533 738 1638 779 facio

162 829 259 857 cum
277 816 628 858 Sommerbrodtio
643 817 684 871 ¹),
698 819 768 872 qui
784 817 1014 859 Lucianum
1037 831 1124 860 eam
1145 819 1195 860 ob
1214 833 1384 861 causam
1403 821 1494 862 aliis
1512 834 1635 875 paga-

161 913 309 941 norum
345 900 617 954 scriptoribus
649 902 875 955 anteponit,
905 902 1015 955 quod
1044 901 1290 944 Christianis
1309 903 1440 944 multo
1458 903 1636 945 benevo-

161 984 312 1025 lentior
342 987 450 1025 esset
483 997 607 1038 quam
640 984 817 1037 Plinius,
846 985 920 1038 qui
948 985 999 1025 iis
1031 985 1357 1039 „pervicaciam”
1386 990 1425 1027 et
1446 986 1635 1039 „inflexi-

161 1066 283 1107 bilem
319 1066 666 1107 obstinationem'’
702 1066 844 1120 objicit
871 1067 938 1108 vel
964 1067 1142 1121 Tacitus,
1161 1069 1233 1122 qui
1252 1081 1394 1109 eorum
1420 1069 1637 1121 „exitiabi-

159 1151 241 1191 lem
268 1149 634 1204 superstitionem''
662 1150 921 1191 condemnat.
940 1150 1074 1191 Immo
1093 1153 1127 1192 si
1146 1151 1319 1192 verbum
1339 1152 1565 1194 Paulinum
1583 1153 1633 1193 ad

161 1232 396 1274 Corinthios
428 1233 690 1287 aliquantum
723 1237 884 1274 mutare
917 1234 1048 1288 liceat,
1082 1235 1220 1277 dicere
1248 1237 1373 1277 velim
1400 1237 1463 1278 τὸν
1482 1237 1637 1288 Χριστὸν

160 1316 439 1369 ἐσταυρωμένον
464 1316 662 1366 Ῥωμαίοις
694 1317 765 1366 μὲν
798 1316 1025 1364 σκάνδαλον,
1059 1319 1254 1370 Λουκιανῷ
1287 1319 1327 1360 δὲ
1359 1320 1501 1371 μωρίαν
1531 1317 1634 1361 εἶναι.

219 1400 376 1454 Cuivis,
424 1401 673 1455 quantulum
722 1400 936 1442 Lucianus
978 1401 1028 1443 de
1072 1401 1403 1444 Christianorum
1448 1404 1636 1445 doctrina

161 1486 414 1539 cognoverit,
462 1498 601 1526 secum
651 1486 931 1526 consideranti
979 1487 1117 1527 statim
1162 1487 1375 1541 apparebit
1415 1488 1505 1529 fieri
1552 1501 1635 1529 non

159 1582 293 1624 posse,
329 1573 376 1610 ut
409 1582 514 1624 opus
546 1569 803 1610 Lucianeum
838 1570 892 1610 sit
922 1568 1187 1625 Philopatris,
1222 1570 1295 1611 ubi
1332 1571 1563 1624 „Trinitas”
1597 1574 1636 1613 et

158 1652 307 1693 mundi
354 1653 503 1693 creatio
551 1652 784 1693 secundum
834 1651 1164 1694 Christianorum
1214 1653 1343 1695 libros
1390 1658 1565 1709 narrata,
1614 1669 1637 1696 a

159 1737 359 1790 scriptore
401 1737 444 1776 in
488 1735 716 1777 ludibrium
759 1740 973 1777 vocantur.
1007 1736 1156 1791 Neque
1188 1738 1230 1777 in
1265 1737 1390 1779 dubia
1422 1751 1467 1779 re
1499 1752 1637 1780 versa-

159 1833 265 1872 mur,
307 1820 404 1873 quia
447 1819 669 1869 Gesnerus,
713 1820 785 1874 qui
829 1821 990 1874 primus
1022 1821 1072 1861 ad
1108 1822 1374 1875 quaestiones
1405 1821 1636 1865 Lucianeas

157 1903 267 1943 viam
314 1904 487 1957 aperuit,
521 1903 724 1957 singulari
758 1903 898 1944 libello
933 1916 1042 1944 anno
1080 1904 1190 1944 1715
1225 1904 1347 1958 edito,
1379 1917 1474 1946 eum
1510 1906 1636 1947 dialo-

156 1998 257 2039 gum
300 1985 365 2026 vel
410 1985 460 2026 ob
492 1987 762 2040 graecitatem
800 1986 1082 2027 damnandum
1116 1990 1209 2040 post
1241 1986 1503 2028 Constantini
1534 1991 1636 2029 tem-

158 2081 260 2123 pora
286 2081 377 2110 esse
404 2070 603 2123 scriptum
634 2069 843 2110 historicis
872 2070 1130 2123 argumentis
1149 2069 1458 2111 demonstravit.
1477 2071 1635 2114 Munus

159 2152 269 2192 enim
301 2149 496 2205 ἑξισωτῶν,
526 2152 568 2191 in
602 2151 885 2205 Philopatride
917 2156 1205 2205 memoratum,
1237 2154 1279 2193 in
1314 2154 1442 2195 altero
1466 2154 1630 2196 demum

160 2235 297 2288 quarti
329 2235 460 2276 seculi
493 2235 665 2275 dimidio
698 2238 881 2276 creatum
915 2248 1006 2277 esse
1040 2237 1210 2277 invenit.

246 2384 281 2423 2.
314 2384 377 2424 De
407 2383 547 2424 ceteris
576 2383 809 2438 aequalium
839 2384 986 2425 studiis
1019 2399 1045 2425 α
1077 2384 1262 2426 Lucumo
1291 2385 1545 2439 vituperatis,

692 2466 754 2507 De
786 2465 902 2508 Julio
932 2466 1106 2509 Polluce.

214 2590 271 2630 At
302 2602 386 2630 non
419 2588 566 2642 Cynici
601 2589 678 2630 soli
709 2589 891 2631 ludibrio
924 2594 963 2632 et
997 2590 1131 2631 dolori
1165 2594 1280 2632 erant
1312 2591 1506 2633 Luciano.
1537 2591 1635 2634 Om-

157 2673 275 2713 nium
331 2676 536 2713 sectarum
595 2685 744 2726 pravos
802 2673 1028 2728 discipulos
1075 2687 1171 2715 cum
1218 2676 1328 2717 veris
1375 2676 1631 2731 philosophis

203 2835 219 2867 1
263 2836 319 2867 Ed.
348 2836 491 2868 Weidm.
518 2835 624 2867 Praef.
648 2845 678 2877 p.
702 2834 755 2868 41.
