1934 3334
995 351 1078 392 118

294 496 411 549 quasi
446 493 688 546 exemplum
717 490 959 545 junioribus
990 492 1218 545 proposuit,
1249 491 1403 532 multos
1434 490 1665 544 philologos
1681 492 1766 532 tam

291 579 556 619 vehementer
588 575 769 627 offendit,
802 578 848 615 ut
879 576 1018 616 statim
1052 575 1102 616 de
1133 575 1349 616 authentia
1380 574 1479 615 libri
1512 574 1767 628 dubitarent,

291 674 373 714 quo
421 659 641 701 accedebat
682 662 728 700 ut
769 658 1010 712 imperfecta
1054 662 1095 699 et
1136 671 1242 712 vaga
1276 658 1512 713 philosophi
1544 659 1682 713 imago
1713 671 1768 700 ex

291 744 652 798 apophthegmatis
684 742 930 783 adumbrata
955 743 1007 783 iis
1035 742 1155 783 valde
1183 741 1428 796 displiceret.
1456 741 1768 798 (of1·.Sommer-

291 827 416 867 brodt
445 825 521 867 Ed.
553 826 730 867 Weidm.
764 825 909 879 Praei,
940 839 976 880 p.
1008 825 1121 877 XX).
1155 824 1269 874 Quos
1302 827 1413 867 viros
1445 826 1588 867 doctos
1621 837 1768 880 rogare

287 912 425 964 velim,
474 924 657 965 quonam
703 910 783 951 alio
827 910 950 951 modo
989 908 1271 963 Demonaotis,
1314 911 1387 964 qui
1431 911 1634 964 scriptum
1665 909 1769 950 nihil

289 996 470 1049 reliquit,
503 995 639 1049 imago
674 994 824 1035 melius
858 995 1039 1048 potuerit
1073 994 1283 1046 delineari,
1316 1007 1442 1048 quam
1475 997 1523 1035 ut
1557 994 1652 1048 quis
1679 995 1770 1036 eius

287 1077 602 1129 ἀποφθέγματα,
637 1091 745 1132 quae
778 1078 989 1119 doetrinae
1022 1091 1232 1119 summam
1261 1077 1658 1132 complectebantur,
1686 1077 1769 1118 ool-

286 1163 464 1217 ligeret?
499 1161 619 1211 Quod
652 1162 801 1203 deinde
834 1161 939 1203 liber
971 1163 1192 1202 satirarum
1226 1161 1366 1215 lepore
1397 1164 1520 1214 caret,
1552 1161 1770 1216 ingenium

288 1245 465 1286 Lueiani
497 1247 629 1299 magis
661 1245 712 1286 ad
739 1246 926 1298 jocosam
959 1245 1210 1286 hilaritatem
1243 1257 1367 1298 quam
1397 1244 1449 1285 ad
1478 1245 1629 1286 seriam
1647 1256 1770 1286 vene-

290 1331 495 1370 rationem
528 1333 672 1370 natum
705 1341 808 1382 esse,
841 1328 1060 1369 nobiseum
1095 1331 1349 1382 reputemus.

350 1414 590 1467 Antequam
634 1416 772 1454 autem
812 1416 1070 1467 argumenta,
1103 1411 1258 1466 quibus
1290 1424 1394 1466 opus
1427 1425 1451 1452 a
1482 1410 1669 1452 Lueiano
1700 1411 1771 1453 ab·

288 1497 740 1551 judicatur‘exponam
773 1500 813 1538 et
846 1498 881 1538 si
912 1497 1082 1551 possim,
1115 1496 1284 1549 diluam,
1315 1497 1462 1550 paneis
1495 1496 1545 1536 de
1577 1496 1773 1550 opinione

292 1594 328 1620 v.
362 1581 398 1621 d.
431 1576 702 1632 Schwarzii1)
736 1580 895 1634 loquar,
928 1581 1002 1634 qui
1034 1578 1333 1621 Demonactem
1369 1592 1442 1633 pro
1474 1578 1572 1620 ficta
1597 1591 1774 1633 persona

292 1664 461 1715 habens,
501 1677 606 1718 opus
639 1664 749 1718 quod
783 1667 972 1718 superest
1005 1664 1146 1705 seculo
1179 1667 1326 1717 quarto
1360 1677 1383 1704 a
1417 1662 1773 1718 Christianohqui

291 1747 481 1788 breviore
511 1746 689 1787 Lueiani
718 1746 858 1788 libello
892 1760 966 1801 pro
997 1746 1272 1788 fundamento
1305 1750 1507 1801 uteretur,
1538 1746 1771 1801 profectum

292 1837 382 1872 esse
413 1832 598 1884 oonJeoit.

350 1915 407 1956 At
447 1914 723 1968 Schwarzius,
760 1928 857 1956 oum
891 1914 1146 1956 Christianas
1179 1915 1405 1956 sententias
1438 1927 1482 1956 se
1513 1914 1652 1970 legere
1683 1916 1771 1970 opi-

292 2002 474 2052 naretur,
515 1998 725 2040 obnoxius
767 1999 869 2039 mihi
911 1998 1044 2039 fuisse
1086 1998 1252 2039 videtur
1290 1998 1431 2051 errori,
1465 1999 1539 2051 qui
1569 2011 1593 2038 a
1624 1999 1770 2052 primis

292 2086 386 2136 post
428 2081 638 2123 Christum
682 2086 827 2123 natum
870 2081 1128 2136 temporibus
1172 2081 1412 2135 divulgatus
1455 2084 1527 2122 est.
1558 2081 1610 2122 In
1641 2081 1771 2136 pluri-

292 2167 371 2206 mis
404 2167 514 2206 enim
547 2165 816 2220 profanorum
845 2166 993 2206 litteris
1022 2178 1292 2219 quocumque
1319 2168 1504 2219 tempore
1536 2168 1576 2206 et
1593 2165 1767 2206 consilio

295 2250 460 2303 scriptis
507 2248 731 2290 Christiani
772 2248 910 2302 verba,
954 2261 1061 2302 quae
1105 2262 1188 2289 non
1230 2248 1403 2289 fortuito
1450 2261 1546 2289 oum
1579 2249 1770 2303 ipsorum

294 2331 375 2372 fide
407 2344 636 2385 congruere
669 2332 923 2384 viderentur,
954 2332 1145 2373 invenire
1177 2344 1221 2372 se
1252 2331 1467 2386 putabant.

350 2413 578 2466 Byzantini
623 2427 655 2455 e.
672 2428 709 2468 g.
759 2427 854 2455 oum
899 2415 1099 2455 miracula
1140 2415 1183 2454 in
1225 2414 1349 2455 Veris
1390 2413 1590 2455 Historiis
1633 2414 1770 2456 derisa

292 2497 488 2551 legerent,
531 2499 670 2540 statim
713 2498 958 2553 dignitatem
1000 2512 1216 2539 sacrorum
1249 2498 1450 2539 librorum
1486 2498 1644 2540 elusam
1679 2511 1770 2540 esse

295 2580 573 2634 opinabantur
615 2581 699 2634 (cfr.
733 2581 867 2622 Sohol.
899 2582 951 2622 ad
984 2582 1080 2623 Ver.
1112 2581 1220 2622 Hist.
1253 2581 1307 2635 II,
1339 2582 1406 2622 41.
1438 2581 1489 2627 εἷς
1519 2579 1587 2627 τὴν
1619 2581 1770 2633 Ἀαρὼν

339 2851 372 2893 l)
400 2851 436 2883 A.
462 2852 626 2894 Schwarz,
652 2852 760 2885 UelJer
784 2853 933 2885 Lukians
959 2854 1139 2885 Demonax.
