1934 3334
996 345 1049 387 30

276 490 392 531 nicht
422 490 466 529 in
500 488 579 529 den
612 487 747 528 Mund
778 486 914 541 gelegt
947 485 1113 527 werden
1148 484 1357 527 konnen.''
1392 486 1449 526 At
1479 497 1580 538 rogo
1613 488 1665 539 te,
1693 486 1760 526 vir

277 574 528 625 doctissime,
576 571 687 611 unde
730 570 805 611 tibi
838 573 983 610 notum
1019 574 1080 610 est
1112 568 1349 610 Lucianum
1382 582 1405 609 a
1439 572 1583 610 tenera
1610 569 1761 622 juven-

277 661 366 698 tute
399 656 641 709 religionem
675 654 867 695 traditam
904 657 943 695 et
974 654 1224 694 rhetoricam
1260 653 1525 706 disciplinam
1553 653 1762 706 sprevisse

277 745 318 782 et
364 741 469 781 risui
512 739 736 779 tradidisse
780 737 1007 778 omnium?
1041 736 1265 791 Cognitum
1300 735 1496 789 habebas,
1526 734 1761 776 Lucianum

277 825 453 866 satiricis
500 823 745 877 praesertim
794 820 992 875 operibus
1041 833 1194 861 nomen
1245 819 1442 860 debuisse
1489 823 1529 860 et
1575 831 1671 860 cum
1716 819 1761 859 in

277 890 488 961 dialogum
521 907 754 958 incidisses,
790 904 862 946 ubi
897 905 1084 958 scriptor,
1118 916 1226 958 quae
1259 903 1357 944 alibi
1386 902 1574 944 deridere
1591 901 1762 956 solebat,

277 992 411 1046 palam
462 991 658 1043 laudavit,
703 990 842 1030 statim
886 988 993 1028 illud
1037 991 1228 1042 paratum
1273 987 1505 1027 remedium
1550 987 1764 1040 quaesisti,

278 1080 326 1117 ut
372 1089 478 1130 opus
527 1088 601 1129 pro
649 1073 874 1115 subditicio
903 1072 1127 1125 judicares.
1162 1070 1313 1111 Nonne
1345 1071 1557 1111 humanae
1589 1074 1764 1110 naturae

278 1161 411 1214 magis
456 1163 519 1200 est
559 1158 828 1210 conveniens,
861 1160 907 1197 ut
940 1168 1049 1210 quae
1075 1156 1255 1208 juvenes
1289 1154 1517 1195 dileximus
1549 1156 1590 1194 et
1620 1153 1763 1208 magni

277 1244 519 1296 habuimus,
551 1243 781 1297 posteriore
815 1245 1000 1295 tempore
1033 1239 1204 1280 meliora
1233 1238 1344 1279 docti
1371 1250 1568 1292 spernere
1594 1241 1633 1278 et
1660 1241 1764 1278 tam-

280 1341 406 1381 quam
439 1327 545 1367 falsa
577 1325 756 1379 abjicere
790 1324 1021 1379 cogamur?

337 1412 480 1465 Atque
526 1410 576 1451 de
624 1409 851 1451 Saltatione
899 1408 1000 1448 haec
1049 1406 1219 1460 quidem
1269 1405 1495 1446 hactenus!
1543 1403 1763 1446 Occultam

279 1497 448 1537 satiram
491 1508 528 1534 v,
570 1494 608 1535 d.
646 1492 904 1533 Richardum
941 1491 993 1545 (p.
1029 1492 1097 1542 32)
1131 1491 1174 1530 in
1207 1488 1388 1530 Hesiodo
1420 1489 1563 1529 rimari
1595 1489 1762 1530 nullum

273 1582 362 1635 jam
409 1582 508 1633 puto
557 1589 660 1630 esse,
708 1576 783 1630 qui
830 1576 1026 1625 miretur3
1077 1587 1173 1614 nam
1222 1585 1354 1627 paene
1400 1571 1647 1613 incredibile
1689 1575 1768 1620 est,

283 1677 408 1720 quam
442 1663 564 1716 longe
596 1662 698 1702 haec
730 1672 928 1714 perversa
962 1657 1267 1712 interpretandi
1299 1657 1404 1698 ratio
1432 1658 1640 1711 serpserit.
1660 1655 1768 1698 Con—

282 1749 415 1790 tendit
447 1750 586 1788 antem
619 1746 690 1785 ille
724 1745 786 1784 vir
817 1744 979 1796 doctus,
1005 1742 1240 1784 Lucianum
1270 1745 1413 1783 nostro
1443 1741 1607 1796 dialogo
1626 1743 1769 1783 invec-

281 1835 371 1873 tum
405 1843 496 1872 esse
526 1831 570 1870 in
607 1829 699 1881 „die
731 1828 1047 1882 iiberm'assigen
1080 1826 1368 1868 Bewunderer
1401 1826 1473 1867 des
1500 1825 1660 1867 Homer
1679 1825 1769 1866 und

282 1914 453 1967 Hesiod,
486 1913 564 1965 die,
595 1912 744 1965 denen,
776 1911 933 1952 welche
961 1911 1068 1951 auch
1097 1923 1178 1951 nur
1206 1910 1280 1950 das
1306 1910 1518 1964 geringste
1544 1923 1598 1950 zu
1625 1909 1769 1950 tadeln

282 2000 436 2051 hatten,
479 1996 647 2051 Mangel
688 2009 739 2036 an
778 1994 1082 2037 Verstandniss
1113 1994 1184 2034 fiir
1216 1972 1434 2048 poetische*
1460 1992 1643 2034 Freiheit
1675 2005 1772 2033 vor-

284 2081 480 2124 warfen.”
528 2080 645 2130 Quae
692 2093 802 2120 nova
846 2079 1147 2133 interpretatio,
1196 2081 1489 2132 praeterquam
1537 2076 1652 2131 quod
1699 2076 1774 2117 illa

284 2167 419 2208 latens
461 2166 587 2207 satira
628 2165 673 2205 in
717 2164 967 2204 universum
1009 2162 1113 2202 mihi
1150 2160 1430 2215 improbanda
1463 2160 1641 2210 videtur,
1674 2172 1772 2200 cum

284 2252 387 2306 ipsis
418 2250 633 2304 scriptoris
666 2247 804 2289 verbis
836 2251 977 2301 aperte
1010 2250 1194 2301 pugnat,
1228 2257 1441 2299 nusquam
1474 2245 1588 2286 enim
1620 2243 1774 2285 Lucia-

288 2348 370 2376 nus
411 2334 684 2387 antiquorum
726 2335 944 2386 poetarum
985 2330 1204 2384 religiosos
1236 2329 1506 2369 admiratores
1538 2328 1776 2381 cavillatur,

289 2419 362 2460 sed
389 2418 528 2472 potius
559 2415 872 2456 Alexandrinos
900 2414 1066 2455 criticos
1095 2412 1146 2453 ob
1174 2414 1357 2466 ineptam
1378 2411 1609 2452 doctrinam
1627 2411 1774 2465 eludit,

290 2503 390 2556 quia
431 2498 561 2540 λεπτὰ
597 2496 691 2539 οὕτω
731 2497 867 2549 κομιδῇ
905 2495 972 2538 uxi
1006 2495 1190 2546 μάλιστα
1223 2494 1342 2546 μικροὶ
1373 2493 1478 2535 ἄττα
1509 2492 1668 2541 διεξίασι
1700 2496 1772 2547 (5).

289 2585 426 2626 Etiam
475 2586 619 2637 postea
666 2581 761 2623 Ver.
802 2581 911 2622 Hist.
954 2580 1008 2634 II,
1050 2580 1104 2620 20
1147 2580 1339 2634 loquitur
1386 2578 1436 2620 de
1468 2577 1672 2625 Ζηνοδότου
1704 2576 1773 2618 καὶ

289 2665 549 2719 Ἀριστάρχου
581 2664 838 2718 ψυχρολογίᾳ.

348 2751 498 2792 'Potius
538 2749 706 2790 fecerim
747 2762 844 2789 cum
887 2748 970 2789 illis
1003 2748 1116 2801 viris,
1149 2747 1223 2801 qui
1256 2749 1303 2787 ut
1335 2744 1649 2787 Sommerbrodt
1684 2744 1773 2786 dia-

291 2833 437 2891 logum
491 2835 657 2887 propter
706 2832 797 2884 „die
842 2830 1147 2885 schwerfallige
1190 2827 1631 2883 Weitschweifigkeit”
1680 2827 1773 2881 (Ed.
