1934 3334
847 347 901 386 49

130 489 381 542 Auctionem
415 488 511 529 odit.
543 487 670 529 Recte
703 487 873 541 quidem
909 487 1189 539 Bernaysium
1225 486 1459 528 defendisse
1477 486 1608 539 Cyni-

130 584 199 612 cos
232 572 474 625 nimiaeque
507 570 825 611 malevolentiae
853 571 1071 610 satiricum
1099 582 1318 611 accusasse
1345 570 1458 610 haud
1476 583 1605 624 neg03

131 667 238 708 quae
286 650 427 696 tamen
479 654 529 695 de
573 656 735 694 mutata
775 654 990 694 voluntate
1032 655 1220 707 conjecit,
1262 657 1400 707 aperte
1430 634 1607 694 Luciani

130 737 266 778 verbis
311 737 574 778 refelluntur.
620 737 800 778 Perinde
844 749 892 776 ac
937 736 1006 776 alii
1049 740 1209 777 veteres
1251 737 1488 790 philosophi
1518 738 1607 791 ipse

129 819 337 875 Diogenes
364 822 407 861 in
435 821 658 873 antiquum
678 821 914 861 restituitur
932 820 1132 860 honorem
1153 820 1243 874 (cfr.
1263 824 1375 862 totus
1392 821 1608 873 Piscator).

187 905 224 944 A
273 905 373 944 viris
421 904 553 944 doctis
594 916 704 956 vero,
749 904 821 956 qui
864 904 907 943 in
950 916 997 944 eo
1030 905 1298 957 conveniunt,
1332 904 1444 958 quod
1479 905 1607 958 scrip-

128 990 262 1027 torem
324 986 375 1027 ab
437 986 517 1026 alia
563 986 908 1040 philosophorum
958 990 1070 1027 secta
1117 987 1167 1027 ad
1216 988 1338 1027 aliam
1388 989 1605 1029 transiisse

129 1069 316 1122 credunt,
357 1068 745 1110 Sommerbrodtius
787 1073 826 1110 et
858 1069 1070 1110 Brunsius
1103 1070 1338 1111 abhorrent.
1369 1070 1446 1112 Ille
1479 1072 1606 1125 scrip-

128 1154 182 1194 sit
216 1152 479 1206 (Einleitung
510 1151 584 1192 Ed.
618 1152 799 1193 Weidm.
832 1167 869 1207 p.
902 1152 1046 1206 XVD:
1088 1153 1190 1206 „Mit
1222 1154 1316 1195 dem
1353 1155 1606 1208 vierzigsten

128 1235 256 1277 Jahre
296 1237 453 1290 gingen
485 1236 570 1276 also
602 1235 782 1277 Lucians
814 1235 940 1277 Lehr-
973 1237 1061 1277 und
1094 1237 1405 1291 Wanderjahre‚
1435 1240 1475 1278 in
1510 1239 1608 1279 wel-

131 1320 235 1361 chen
283 1332 327 1361 er
369 1333 474 1374 ganz
518 1320 589 1360 der
628 1319 827 1361 Rhetorik
860 1320 948 1360 sich
980 1321 1216 1374 gewidme‘ff
1237 1322 1360 1375 hatte,
1392 1336 1445 1363 zu
1477 1322 1606 1363 Ende.

132 1404 280 1445 Zuerst
311 1405 352 1444 in
387 1403 553 1458 eifriger
581 1403 911 1458 Beschaftigung
944 1405 1020 1444 mit
1047 1404 1120 1445 der
1138 1404 1415 1458 Philosophie,
1434 1407 1606 1448 Waudte

131 1500 175 1528 er
204 1487 300 1528 bald
336 1487 444 1528 auch
475 1487 541 1527 ihr
574 1487 653 1527 den
685 1487 858 1528 Riicken
892 1489 969 1528 wie
1003 1489 1154 1529 vorher
1184 1489 1257 1530 der
1289 1489 1489 1531 Rhetorik
1516 1492 1602 1532 und

132 1573 260 1611 setzte
307 1571 451 1611 seinen
496 1584 658 1625 ganzen
704 1570 835 1612 Fleiss
882 1572 924 1611 in
972 1572 1038 1613 die
1085 1572 1358 1628 Vollendung
1406 1574 1478 1615 der
1519 1588 1601 1615 von

130 1654 218 1694 ihm
263 1653 522 1695 erfundenen
554 1667 692 1695 neuen
714 1654 972 1696 .Kunstforni
1009 1655 1080 1696 des
1114 1657 1360 1698 satirischen
1391 1657 1605 1712 Dialogs.'’

129 1736 343 1777 Brunsius
391 1740 532 1777 autem
580 1737 700 1790 (Mus.
747 1737 877 1778 Rhen.
915 1739 1040 1793 1888)
1077 1739 1262 1794 dialogos
1292 1739 1524 1783 Lucianeos
1558 1743 1601 1782 in

129 1821 210 1861 tria
240 1832 393 1874 genera
425 1821 624 1862 secrevit:

191 1903 246 1943 10.
298 1903 389 1956 „die
439 1903 718 1958 genrehafte⁷',
764 1904 837 1945 ubi
884 1906 1041 1960 singuli
1082 1907 1319 1962 philosophi
1351 1913 1600 1965 carpuntur,

130 1985 247 2027 velut
277 1985 561 2041 Thesmopolis
592 1988 637 2027 in
670 1987 857 2030 Mercede
889 1988 1132 2032 Conductis.

189 2068 246 2110 20.
283 2069 374 2122 „die
407 2071 765 2124 systematische'',
794 2072 868 2112 ubi
900 2076 1008 2114 totae
1039 2078 1174 2116 sectae
1201 2078 1460 2131 castigantur
1477 2082 1518 2119 et
1535 2079 1600 2120 dei

129 2152 196 2194 vel
226 2166 428 2207 personae
460 2157 505 2194 ut
530 2153 801 2209 Philosophia
831 2159 870 2196 et
900 2155 928 2196 J
933 2158 1072 2198 ustitia
1101 2159 1257 2211 primas
1284 2164 1415 2213 agunt
1442 2165 1605 2215 partes.

189 2233 246 2277 30.
290 2235 421 2289 „Eine
462 2237 584 2278 dritte
623 2237 772 2280 Klasse
807 2238 920 2294 folgt,
953 2240 1019 2282 die
1049 2243 1238 2296 zugleich
1274 2244 1478 2299 Apologie
1512 2246 1601 2287 und

127 2333 258 2362 neuer
288 2321 563 2362 verscharfter
594 2322 682 2362 und
714 2322 1122 2377 verallgemeinerter
1153 2326 1324 2380 Angriff
1346 2327 1439 2369 ist.”

190 2402 281 2453 Qua
324 2405 569 2458 opinionum
606 2405 809 2446 discordia
842 2407 965 2448 multi
998 2408 1150 2463 dialogi
1183 2410 1234 2450 ad
1266 2411 1376 2452 vitae
1408 2415 1598 2466 tempora

130 2501 257 2541 quam
292 2489 480 2529 maxime
507 2488 703 2530 distantia
727 2490 845 2531 relati
861 2494 971 2532 sunt.
996 2491 1265 2547 „Nigrinus'’‚
1283 2495 1355 2548 qui
1374 2494 1597 2537 Fritzschii

124 2571 283 2624 judicio
331 2574 494 2613 mature
541 2575 603 2613 est
648 2574 838 2627 scriptus,
885 2574 936 2616 ab
976 2576 1068 2617 aliis
1109 2577 1152 2616 in
1194 2579 1424 2631 posteriora
1466 2592 1590 2634 opera

129 2655 307 2708 reiectus
338 2658 408 2696 est.
445 2655 878 2713 „Icaromenippum'',
910 2660 983 2714 qui
1014 2661 1279 2714 optimojure
1297 2665 1336 2704 et
1354 2663 1588 2704 multorum

129 2750 338 2779 consensu
387 2738 626 2795 „Menippi”
667 2743 924 2784 continuatio
966 2743 1202 2798 putabatur,
1243 2745 1499 2788 Fritzschius
1544 2748 1595 2788 ad

129 2833 290 2862 annum
340 2821 421 2863 180
468 2823 620 2877 retulit,
665 2825 723 2866 ita
764 2828 812 2865 ut
848 2826 998 2880 viginti
1039 2828 1161 2869 annis
1197 2831 1291 2882 post
1323 2830 1591 2872 simillimum

1452 2903 1474 2936 4
