1934 3334
1006 341 1090 382 102

318 494 472 523 nomen
520 481 655 522 solum
703 483 744 522 et
789 483 1006 522 externam
1053 482 1232 536 speciem
1281 493 1546 523 communem
1589 481 1791 524 habentes

316 563 590 618 sequentibus
633 565 770 605 satiris
811 577 1034 618 aggressus
1075 568 1147 606 est.
1190 563 1281 613 Quo
1325 565 1416 606 loco
1447 568 1531 606 tres
1562 565 1665 606 mihi
1695 565 1795 606 libri

314 648 561 689 nominandi
594 650 704 701 sunt,
736 661 916 701 quorum
948 660 1074 702 quem
1104 648 1411 702 lepidissimum
1438 660 1589 689 vocare
1617 647 1789 690 debeam

315 733 468 784 nescio,
502 732 601 785 quia
618 734 703 772 tam
734 732 935 785 praeclari
968 734 1007 772 et
1039 731 1090 772 ab
1123 732 1238 772 omni
1271 736 1388 786 parte
1420 731 1590 786 perfecti
1619 735 1730 786 sunt,
1746 735 1795 774 ut

313 820 404 858 tuto
422 829 519 857 cum
537 816 704 870 optimis
717 816 987 869 antiquorum
1001 815 1254 856 Graecorum
1266 815 1415 856 litteris
1428 815 1607 857 conferri
1620 817 1794 870 possint.

372 891 583 954 Legistine
621 912 811 953 unquam
853 911 1005 940 coenae
1056 899 1390 953 descriptionem,
1423 898 1496 940 ubi
1528 899 1796 954 singulorum

316 985 591 1025 convivarum
637 995 773 1023 mores
816 983 949 1036 magis
991 982 1299 1023 accommodate
1342 982 1623 1036 depingantur
1666 995 1793 1036 quam

315 1070 359 1108 in
390 1066 580 1109 convivio
596 1063 624 1119 1)
653 1065 896 1107 Lucianeo‘?
925 1065 1076 1107 Nonne
1097 1067 1240 1119 jocose
1256 1067 1301 1106 in
1331 1064 1682 1116 Φιλοψευδέσι
1708 1066 1798 1120 phi-

315 1152 476 1205 losophi
509 1152 865 1205 perstringuntur,
898 1151 982 1204 qui,
1016 1151 1210 1204 quamvis
1241 1153 1409 1204 propter
1441 1151 1687 1204 sapientiam
1719 1151 1800 1192 coli

316 1235 458 1287 velint,
501 1233 745 1274 credulitate
787 1233 965 1274 aniculis
1003 1233 1285 1274 antecellant?
1330 1232 1595 1288 Quantopere
1625 1233 1802 1276 Luciani

319 1318 518 1372 aequales
559 1317 722 1359 fabellis
760 1317 810 1358 de
841 1317 1043 1358 mostellis
1076 1320 1116 1358 et
1148 1330 1368 1371 magorum
1401 1317 1589 1360 artificiis
1621 1319 1801 1361 delecta-

318 1405 476 1455 rentur,
510 1402 664 1455 optime
698 1413 752 1441 ex
782 1400 952 1441 illorum
984 1401 1328 1455 philosophorum
1362 1401 1627 1443 sermonibus
1645 1400 1675 1455 2)
1708 1415 1803 1457 cog-

321 1498 492 1527 noscere
534 1498 772 1540 possumus.
814 1484 964 1539 Neque
1005 1485 1336 1539 praetereundus
1377 1488 1440 1526 est
1479 1485 1550 1527 ille
1586 1485 1804 1528 celeberri-

326 1584 420 1612 mus
451 1569 557 1611 liber
589 1569 636 1610 de
667 1568 859 1610 Mercede
893 1569 1123 1622 Conductis,
1156 1569 1230 1610 ubi
1257 1570 1432 1623 scriptor
1456 1569 1804 1624 Thesmopoliden

321 1654 508 1696 Stoicum
549 1652 691 1693 ridens
736 1652 921 1705 deplorat
959 1654 998 1693 et
1029 1651 1217 1693 infelices
1248 1652 1343 1693 illos
1377 1651 1604 1694 Graeculos
1635 1653 1806 1694 misera-

322 1738 402 1789 tur,
436 1737 511 1790 qui
541 1736 681 1790 inopia
713 1736 845 1776 coacti
876 1736 921 1775 in
955 1734 1161 1776 nobilium
1192 1734 1479 1776 Romanorum
1512 1735 1686 1777 aedibus
1719 1748 1806 1777 sor-

320 1824 405 1861 tem
436 1822 549 1874 passi
580 1823 679 1861 sunt
711 1820 854 1861 servili
888 1819 1264 1861 infortunatiorem.

382 1904 543 1946 Verum
586 1917 671 1945 non
714 1904 850 1945 solum
890 1904 935 1944 in
977 1904 1236 1958 philosophis
1269 1906 1309 1945 et
1338 1902 1624 1945 Romanorum
1656 1903 1807 1945 nobili-

324 1988 403 2029 bus
450 1988 704 2043 castigandis
751 1987 965 2028 Lucianus
1013 2000 1058 2028 se
1103 1988 1322 2041 continuit,
1366 1988 1440 2041 qui
1472 1988 1560 2028 suis
1591 1986 1805 2028 veteribus

326 2073 536 2127 magistris
582 2097 634 2102 --
677 2072 885 2126 sophistas
918 2072 1009 2112 dico
1044 2096 1097 2101 ——
1131 2071 1182 2112 ob
1214 2072 1384 2113 inanem
1418 2075 1458 2113 et
1488 2072 1701 2126 turgidam
1733 2085 1806 2113 na-

326 2161 465 2198 turam
497 2170 581 2198 non
613 2158 808 2211 pepercit.

386 2239 511 2280 Libro
544 2240 593 2280 cle
623 2239 816 2280 Historia
852 2238 1152 2281 Consoribenda
1170 2237 1204 2293 3)
1236 2251 1377 2280 rerum
1410 2240 1630 2293 scriptores
1649 2239 1808 2280 derisui
1875 2283 1877 2285 ,

329 2323 487 2376 habuit,
530 2325 603 2378 qui
645 2336 667 2364 e
696 2323 926 2364 Thucidide
958 2323 1023 2364 vel
1056 2324 1091 2364 si
1124 2324 1218 2377 quis
1251 2323 1360 2364 alius
1391 2336 1466 2377 pro
1495 2322 1676 2377 perfecto
1709 2335 1808 2363 auc-

329 2412 419 2448 tore
465 2407 708 2461 habebatur,
755 2407 952 2461 pulchras
1000 2407 1299 2460 descriptiones
1344 2410 1384 2447 et
1425 2407 1652 2447 sententias
1681 2405 1808 2446 furati

330 2503 396 2531 res
428 2489 535 2531 bello
564 2489 758 2530 Parthico
789 2489 1053 2543 (162—165)
1083 2492 1221 2543 gestas
1249 2489 1300 2529 ad
1326 2489 1574 2530 rhetoricam
1602 2488 1807 2529 declama-

331 2574 487 2614 tionem
517 2572 786 2614 exornabant.

352 2761 355 2763 ·
377 2720 409 2760 1)
434 2721 499 2753 Csr.
524 2731 555 2762 p.
579 2719 709 2752 37—39
733 2731 826 2753 meae
848 2721 937 2761 diss„
961 2721 1019 2753 uhi
1042 2720 1204 2753 comicam
1228 2719 1380 2752 Convivii
1402 2720 1565 2762 originem
1590 2719 1742 2752 tractavi.

377 2781 411 2820 2)
438 2782 586 2823 Philops.
608 2780 650 2813 30
673 2786 704 2814 et
728 2781 767 2813 31
794 2782 978 2823 comparari
1007 2785 1114 2822 potest
1139 2791 1218 2813 cum
1243 2781 1330 2812 Plin.
1356 2781 1414 2822 Ep.
1441 2781 1513 2821 VII,
1538 2780 1590 2813 27.

377 2840 412 2884 3)
437 2841 532 2879 Quod
567 2852 650 2883 opus
681 2843 789 2874 eidem
823 2842 956 2873 Philoni
980 2846 1030 2874 est
1053 2842 1183 2883 datum,
1206 2842 1261 2874 cui
1286 2841 1455 2874 Lucianus
1482 2841 1683 2873 Convivium
1705 2841 1809 2874 misit.
