1934 3334
1047 332 1071 372 2

321 471 586 525 Graecorum,
633 472 707 525 qui
747 471 959 525 quondam
1002 472 1111 512 inter
1151 483 1294 512 omnes
1339 462 1495 512 summi
1525 469 1794 525 putabantur,

323 555 511 597 socordia
556 568 603 596 ac
649 555 881 609 ignorantia
928 555 1145 596 hominum
1195 559 1267 595 aut
1313 567 1485 609 prorsus
1526 554 1796 607 interiissent,

321 642 393 679 aut
433 639 475 678 in
508 650 736 692 paucarum
768 637 1007 678 fabularum
1040 651 1192 692 corpus
1225 640 1435 678 contracta
1466 637 1596 678 solam
1627 640 1796 691 propter

321 721 497 762 formam
544 721 805 775 gloriamque
850 722 1069 775 pristinam
1116 722 1160 761 in
1206 721 1359 762 scholis
1405 721 1653 774 legerentur,
1702 723 1794 761 tum

322 806 444 846 etiarn
475 804 688 846 Lucianus
719 806 755 845 is
788 808 886 857 erat,
920 805 993 859 qui
1026 805 1253 845 multorum
1287 804 1430 845 odium
1457 807 1584 858 atque
1611 815 1792 844 amorem

323 888 489 928 move're
519 891 669 941 posset.

381 970 616 1012 Gratissimi
673 970 920 1012 Christianis
969 974 1086 1012 erant
1133 971 1286 1025 dialogi
1335 971 1504 1024 satirici,
1550 971 1592 1011 in
1639 970 1796 1024 quibus

321 1053 506 1096 Deorum
538 1055 702 1096 fabulae
735 1058 775 1096 et
806 1058 918 1096 totus
945 1056 1213 1109 antiquorum
1232 1055 1452 1109 gentilium
1471 1054 1610 1096 cultus
1626 1055 1671 1094 in
1687 1054 1796 1095 ludi-

322 1138 460 1180 brium
491 1139 728 1180 vocabatur.
761 1137 902 1179 Dolori
933 1139 1082 1179 iisdem
1115 1142 1201 1179 erat
1227 1137 1452 1191 Lucianus,
1482 1139 1581 1192 quia
1608 1138 1796 1192 ipsorum

324 1235 492 1277 quoque
535 1222 777 1276 religionem
822 1225 862 1263 et
903 1235 1114 1262 sacrorum
1150 1222 1351 1262 librorum
1386 1222 1628 1276 dignitatem
1662 1220 1712 1262 ab
1745 1233 1792 1262 eo

322 1307 483 1348 elusam
520 1319 611 1347 esse
642 1305 931 1360 opinabantur.
965 1305 1115 1347 Suidas
1149 1307 1205 1358 (in
1238 1318 1338 1347 voce
1374 1303 1593 1355 Λουκιανός)
1627 1305 1797 1359 scripto-

323 1404 410 1433 rem
436 1395 654 1446 propterea
685 1390 844 1432 acerbis
871 1391 1072 1432 conviciis
1100 1391 1299 1432 laceravit
1327 1394 1366 1432 et
1382 1391 1536 1445 passim
1554 1391 1599 1430 in
1617 1389 1796 1431 Scholiis

323 1495 446 1523 voces
474 1483 684 1537 leguntur,
717 1484 862 1536 quales
895 1487 1015 1524 sunt:
1050 1479 1107 1523 οἷοι
1140 1487 1278 1534 ληρεῖς,
1312 1479 1337 1522 ὦ
1370 1481 1578 1534 κατάρατε,
1608 1480 1715 1522 κατὰ
1730 1483 1797 1522 τοῦ

323 1563 485 1610 σωτῆρος
518 1561 675 1611 Χριστοῦ
709 1563 748 1600 et
780 1555 805 1599 ὦ
839 1558 989 1609 μέτσχε
1019 1563 1089 1606 τῆς
1122 1558 1264 1599 αἰωνίου
1297 1557 1503 1604 κολάσεως.

380 1641 586 1683 Hereticis
618 1642 865 1694 Byzantinis
897 1641 1109 1683 Lucianus
1141 1642 1296 1683 fontem
1329 1641 1532 1696 praebuit,
1560 1641 1672 1683 unde
1699 1643 1798 1682 sati-

322 1727 397 1767 rici
430 1727 584 1780 dialogi
614 1726 789 1767 formam
821 1727 865 1766 in
897 1740 1023 1767 suum
1057 1740 1182 1767 usum
1211 1730 1452 1767 convertere
1478 1729 1662 1780 possent,
1681 1725 1793 1780 quod

325 1809 580 1864 Philopatris
602 1808 628 1861 1)
689 1810 881 1863 ostendit,
926 1810 1000 1850 ubi
1048 1810 1196 1864 dogma
1245 1811 1295 1850 de
1341 1809 1539 1850 Trinitate
1585 1809 1797 1850 Lucianeo

319 1894 489 1947 J'ocandi
519 1906 672 1948 genere
705 1893 926 1935 deridetur.

379 1977 573 2032 Denique
622 1977 830 2031 omnibus,
878 1978 951 2031 qui
999 1980 1100 2018 tunc
1143 1978 1340 2031 temporis
1374 1977 1523 2018 litteris
1555 1989 1599 2018 se
1632 1975 1798 2029 dabant,

321 2061 533 2102 Lucianus
559 2061 767 2115 perfectus
794 2064 939 2102 auctor
966 2061 1200 2115 videbatur,
1226 2062 1283 2102 ita
1312 2065 1358 2102 ut
1386 2061 1507 2102 multi
1525 2073 1622 2102 eum
1640 2060 1798 2101 imitari

324 2148 586 2197 conarentur,
634 2145 755 2185 cuius
801 2145 862 2185 rei
909 2144 1208 2185 documentum
1255 2143 1425 2198 praebet
1473 2143 1662 2197 dialogus
1706 2141 1798 2183 Βίων

326 2229 461 2279 πρᾶσις
481 2228 510 2281 2)
553 2228 605 2268 ad
645 2227 822 2269 Luciani
853 2228 1093 2282 exemplum
1127 2242 1149 2268 a
1179 2227 1391 2269 Theodoro
1424 2227 1654 2268 Prodromo
1688 2240 1798 2268 com-

326 2313 499 2365 positus.

382 2394 497 2436 Huic
529 2398 668 2436 autem
699 2395 1033 2448 Byzantinorum
1065 2408 1162 2451 erga
1187 2399 1376 2437 nostrum
1408 2396 1652 2450 scriptorem
1671 2407 1797 2436 curae

326 2481 450 2532 atque
483 2478 720 2532 diligentiae
753 2478 966 2532 debemus,
999 2483 1045 2519 ut
1078 2491 1132 2520 ex
1165 2478 1360 2520 omnibus
1392 2479 1501 2520 vitae
1527 2477 1798 2532 temporibus,

329 2575 412 2615 qua
441 2561 643 2616 longaeva
675 2575 779 2603 usus
811 2566 872 2603 est
905 2565 1060 2615 auctor,
1092 2562 1225 2603 multa
1256 2563 1347 2603 eius
1378 2561 1624 2603 fertilissimi
1640 2561 1799 2615 ingenii

342 2758 346 2760 -
368 2739 402 2783 1)
425 2740 562 2783 Legitur
585 2741 673 2773 inter
696 2740 975 2782 pseudolucianea
999 2751 1109 2783 opera.

370 2801 406 2845 2)
431 2803 547 2835 Postea
570 2802 679 2834 fusius
701 2803 742 2834 de
765 2803 828 2835 hoc
850 2812 948 2844 opere
971 2802 1158 2844 disputabo,
