1934 3334
839 334 894 373 43

124 475 439 529 superstitiosus
488 473 782 524 Menandrum,
822 485 962 528 neque
1002 473 1147 528 potius
1180 473 1430 514 severiorem
1463 475 1605 514 aucto-

123 570 214 599 rem
249 558 470 599 adhibuit?

182 640 262 683 Sed
292 653 518 696 pergamus
551 640 604 681 ad
637 640 832 692 alterum,
866 652 948 693 quo
976 639 1166 681 Kookius
1196 640 1356 692 nititur,
1376 639 1605 680 documen-

123 725 240 767 tum!
287 724 355 765 Ad
399 724 581 766 Terentii
631 723 760 764 verba
811 722 989 776 „Immo,
1032 723 1076 764 id
1122 723 1233 777 quod
1276 724 1405 776 aiunt,
1432 721 1605 763 auribus

124 812 243 850 teneo
285 808 458 863 lupum3
502 821 603 848 nam
648 818 786 860 neque
826 806 1039 860 quomodo
1072 820 1095 847 a
1130 819 1198 847 me
1231 807 1433 859 amittam,
1466 817 1605 859 neque

122 893 184 933 uti
228 893 442 945 retineam,
483 890 597 932 soio''
647 889 832 942 (Phorm.
868 890 903 930 3.
923 890 958 929 2.
979 890 1047 942 21)
1083 889 1200 930 affert
1235 888 1426 930 Donatus
1457 901 1606 943 graeca

124 974 271 1016 verba:
297 976 369 1014 τῶν
395 972 497 1014 ὤτων
526 971 605 1023 ἔχω
633 971 696 1012 τὸν
722 970 848 1012 λύκον·
880 969 956 1012 οὔτ’
986 969 1102 1022 ἔχειν,
1130 969 1207 1012 οὔτ’
1236 971 1393 1022 ἀφεῖναι
1422 970 1603 1021 δύναμαι.

125 1057 216 1108 Quo
263 1058 409 1099 eodem
450 1055 671 1111 proverbio
704 1055 997 1096 Aristaenetus
1033 1056 1164 1096 utitur
1196 1056 1249 1106 (2.
1271 1056 1306 1108 3,
1339 1068 1377 1109 p.
1415 1055 1495 1095 160
1530 1054 1604 1095 Ed.

122 1141 324 1195 Hereher)
372 1140 446 1190 ἐγὼ
489 1139 551 1180 τὸν
594 1137 705 1179 λύκον
750 1140 822 1178 τῶν
867 1137 967 1178 ὤτων
1011 1136 1104 1189 ἔχω,
1138 1136 1175 1179 ἓν
1207 1136 1291 1179 οὔτε
1323 1136 1506 1188 κατέχειν
1541 1136 1605 1177 ἐπὶ

122 1224 221 1266 πολὺ
252 1224 411 1265 δυνατὸν
444 1224 529 1265 οὔτε
560 1222 637 1273 μὴν
669 1221 865 1263 ἀκίνδυνον
901 1222 1073 1273 (ἐφεῖναι.

180 1307 295 1357 Quae
335 1307 460 1349 verba
491 1308 600 1348 inter
631 1319 676 1348 se
708 1306 857 1347 collata
893 1305 1080 1347 Koekius
1112 1307 1169 1347 ita
1206 1307 1251 1347 in
1283 1305 1464 1347 formam
1504 1307 1600 1358 „tri-

134 1391 258 1432 metri
286 1389 465 1432 oomioi''
498 1389 679 1443 redegit:

384 1473 447 1515 τὸν
479 1472 553 1525 γὰρ
584 1471 696 1513 λύκον
730 1487 824 1519 πως,
861 1471 977 1524 φρεσί,
1011 1474 1083 1513 τῶν
1115 1471 1216 1512 ὤτων
1248 1470 1341 1523 ἔχω,

388 1555 425 1597 ὃν
458 1555 542 1597 οὔτε
575 1554 758 1606 κατέχειν
790 1554 902 1608 χερσὶ
936 1554 1094 1596 δυνατὸν
1125 1553 1210 1596 οὔτε
1241 1555 1317 1605 μὴν

390 1639 576 1692 ἀσφαλὲς
607 1640 778 1691 (ἐφεῖναι.

195 1725 253 1766 At
296 1726 391 1779 quis
431 1738 517 1765 non
550 1725 690 1765 statim
725 1724 876 1776 videat,
907 1736 1148 1765 sermonem
1181 1737 1272 1765 esse
1307 1724 1357 1765 de
1389 1724 1608 1778 proverbio

128 1822 223 1863 quo,
271 1810 343 1863 qui
390 1809 525 1862 vellet,
569 1810 631 1849 uti
673 1808 846 1862 posset?
881 1807 992 1849 Cave
1025 1821 1123 1862 ergo
1157 1808 1339 1862 colligas,
1374 1809 1609 1863 scriptores,

126 1892 304 1934 simulac
336 1892 480 1933 eadem
514 1891 735 1946 proverbia
767 1891 1045 1944 adhibuerint,
1079 1891 1262 1945 quadam
1292 1892 1604 1933 necessitudine

129 1977 238 2017 inter
270 1988 314 2017 se
344 1988 435 2017 esse
468 1976 730 2028 coniunctos.

182 2057 356 2099 Habetis
398 2059 476 2099 tria
519 2058 787 2111 documenta,
834 2057 989 2112 quibus
1025 2057 1213 2099 Kookius
1246 2071 1367 2099 suam
1399 2059 1605 2100 rationem

126 2142 396 2197 comprobare
428 2142 613 2193 studuit3
646 2155 761 2182 nuno
789 2142 1021 2195 videamus,
1050 2155 1159 2196 quae
1186 2143 1344 2182 comica
1372 2142 1610 2197 fragmenta

124 2227 168 2267 in
198 2225 374 2267 Luciani
405 2225 599 2279 operibus
632 2226 868 2266 invenerit!

185 2308 292 2350 Cum
330 2308 518 2354 Koekius
550 2309 777 2349 Anaohars.
815 2309 865 2349 10
900 2309 1090 2363 legisset:
1129 2307 1233 2358 μετ-ἐι
1268 2309 1395 2360 μικρὸν
1427 2308 1467 2349 δὲ
1499 2307 1608 2349 ἄλλοι

126 2407 180 2433 σοι
207 2390 303 2439 δόξει
330 2391 412 2444 περὶ
441 2393 578 2443 αὐτῶν,
607 2391 760 2432 ἐπειδὰν
787 2392 824 2437 ἐς
851 2391 923 2438 τὰς
941 2391 1170 2443 πανηγύρεις
1189 2392 1308 2432 (ἐπιὼν
1327 2391 1412 2444 ὁρᾷς
1430 2395 1609 2433 τοσοῦτον

127 2477 267 2523 πλῆθος
309 2474 507 2528 ἀνθρώπων
550 2475 830 2526 συλλεγόμενον
875 2475 938 2516 ἐπὶ
982 2475 1050 2522 τὴν
1093 2475 1178 2516 θέαν
1220 2478 1292 2516 τῶν
1327 2474 1500 2517 τοιούτων
1532 2480 1606 2518 etc.

127 2559 388 2601 comoediam
423 2560 619 2600 odoratus
651 2561 834 2601 restituit
867 2560 1155 2614 fragmentum
1192 2561 1297 2600 349:

851 2643 888 2688 ἐς
922 2642 994 2688 τὰς
1030 2641 1258 2694 πανηγύρως

449 2724 571 2765 ἀπιὼν
603 2727 779 2766 τοσοῦτον
811 2726 954 2772 πλῆθος
985 2725 1184 2778 ἀνθρώπων
1216 2725 1302 2778 ὁρᾷς

452 2805 548 2848 ὥστε
564 2839 692 2849 .....
