1934 3334
981 356 1062 397 130

268 499 369 553 quid
412 510 511 540 vero
554 498 604 539 de
652 509 827 551 operum
860 495 1079 537 authentia
1111 495 1385 538 statuendum
1423 496 1478 536 sit
1509 494 1762 550 prudentio-

271 595 368 623 rum
397 581 557 635 judicio
590 581 794 635 relinquo.

886 777 923 817 3.
952 776 1164 830 Epiloyus.

335 919 522 974 Jamque
569 931 676 973 opus
724 918 847 972 exegi
888 920 928 959 et
968 917 1115 972 paucis
1157 915 1335 957 Luciani
1377 914 1592 969 scriptoris
1624 914 1766 969 imago

279 1003 529 1045 delineanda
560 1005 632 1044 est.

336 1086 552 1128 Lucianus
599 1086 711 1127 circa
757 1098 920 1126 annum
966 1084 1047 1124 115
1091 1083 1324 1125 Samosatis
1366 1085 1492 1124 natus
1536 1081 1769 1123 admodum

271 1171 443 1224 juvenis
484 1170 529 1210 in
573 1169 738 1210 leniam
785 1168 999 1223 profectus
1031 1168 1252 1209 rhetorum
1288 1166 1534 1221 disciplinae
1568 1178 1613 1207 se
1645 1148 1778 1206 dedus

280 1254 419 1295 Annis
461 1254 647 1294 tirocinii
687 1253 868 1307 peractis
902 1252 946 1292 in
981 1250 1167 1304 Graecia,
1198 1251 1242 1291 in
1274 1249 1533 1303 Macedonia,
1563 1250 1608 1290 in
1639 1247 1774 1302 Italia,

277 1342 321 1381 in
356 1339 492 1380 Gallia
523 1339 767 1380 auditorum
801 1338 969 1378 animos
1003 1334 1382 1378 declamationibus
1415 1335 1460 1375 in
1494 1346 1538 1375 se
1565 1333 1774 1374 convertit

279 1426 319 1465 et
361 1422 612 1464 Antiochiae
655 1411 922 1475 aliquamdiu
962 1422 1164 1474 patronus
1197 1431 1422 1459 causarum
1457 1416 1548 1458 fuit.
1582 1415 1651 1457 Ex
1689 1428 1774 1470 qua

281 1509 414 1548 aetate
460 1519 545 1547 non
587 1518 722 1560 pauca
763 1516 887 1558 opera
920 1504 1160 1558 supersunt,
1194 1513 1302 1556 quae
1333 1502 1581 1555 scriptorem
1616 1512 1775 1554 aequa-

278 1590 387 1632 lium
421 1590 572 1631 studiis
603 1588 823 1630 addictum
854 1587 986 1628 fuisse
1019 1585 1241 1627 manifeste
1275 1585 1523 1626 ostendunt.

341 1672 459 1714 Circa
506 1686 669 1714 annum
712 1672 860 1713 aetatis
904 1670 1278 1725 quadragesimum
1317 1668 1370 1709 ad
1401 1667 1567 1709 fabulas
1600 1667 1776 1708 eroticas
1815 1678 1818 1682 ·

283 1757 516 1799 narrandas
556 1757 732 1798 transiit.
765 1755 834 1795 Ex
864 1755 1020 1809 ignotis
1053 1753 1297 1795 auctoribus
1329 1755 1402 1794 aut
1435 1765 1487 1793 ex
1522 1751 1670 1806 populi
1705 1763 1776 1792 ore

287 1841 431 1882 decem
463 1839 685 1881 Toxaridis
716 1838 881 1879 fabulas
917 1840 1151 1890 mutuatus,
1180 1835 1349 1877 aLucio
1367 1820 1780 1887 Patrensi-Asinum,

284 1938 307 1965 a
340 1937 473 1966 novae
505 1923 748 1965 comoediae
773 1923 907 1977 poetis
934 1920 1135 1975 Dialogos
1153 1919 1415 1961 Meretricios
1434 1919 1629 1973 sumpsit.
1649 1916 1767 1967 Quae

288 2007 513 2049 mutuandi
546 2010 586 2049 et
616 2006 815 2047 imitandi
844 2006 949 2047 ratio
977 2006 1015 2046 ei
1043 2007 1259 2058 tantopere
1277 2003 1433 2058 placuit
1450 2006 1490 2044 et
1507 2001 1771 2044 auditoribus

288 2094 377 2133 tam
414 2094 532 2146 grata
562 2090 654 2144 fuit,
686 2093 733 2131 ut
763 2102 837 2144 per
868 2090 1109 2143 complures
1141 2101 1274 2130 annos
1306 2100 1328 2129 e
1359 2088 1493 2142 poetis
1526 2087 1704 2128 comicis
1736 2088 1777 2128 et

288 2174 485 2230 Menippo
541 2175 708 2216 satirico
757 2176 1004 2228 argumenta
1050 2173 1248 2226 hauriret,
1294 2173 1339 2212 in
1387 2171 1543 2226 quibus
1588 2171 1765 2213 deorum

290 2257 467 2312 fabulae,
514 2258 679 2312 antiqui
719 2257 970 2312 philosophi,
1013 2269 1121 2296 vana
1165 2255 1412 2296 mortalium
1447 2255 1587 2296 studia
1621 2253 1782 2296 deride-

291 2341 456 2383 bantur.
503 2340 620 2391 Quae
650 2342 796 2382 omnia
827 2341 981 2394 scripta-
1012 2340 1263 2381 rhetoricam
1297 2339 1488 2380 indolem
1519 2338 1722 2392 spirantia
1756 2350 1781 2378 a

292 2425 443 2479 satiris,
485 2438 592 2479 quas
632 2424 848 2466 Lucianus
890 2426 1034 2465 contra
1075 2422 1272 2478 aequales
1314 2422 1492 2476 scripsit,
1534 2421 1643 2464 bene
1674 2423 1776 2464 sunt

296 2507 608 2563 distinguenda.

353 2591 473 2633 Circa
519 2595 662 2633 autem
710 2604 873 2632 annum
910 2590 991 2630 165
1024 2589 1110 2631 fere
1142 2589 1535 2643 quinquagenarius
1571 2590 1658 2630 tota
1689 2588 1782 2630 rhe-

294 2675 424 2715 torica
469 2678 556 2717 arte
601 2675 819 2730 repudiata
866 2673 1125 2715 venerabiles
1172 2672 1455 2727 philosophos,
1503 2684 1609 2726 quos
1655 2683 1779 2726 saepe

294 2757 505 2812 deriserat,
547 2772 591 2800 se
623 2759 757 2800 colere
788 2757 1003 2813 professus
1035 2757 1282 2811 aequalium
1315 2756 1416 2797 vitia
1447 2767 1492 2797 se
1523 2757 1774 2796 notaturum

295 2854 386 2883 esse
418 2843 620 2896 promisit.
654 2843 735 2884 Per
767 2842 862 2897 plus
895 2854 1026 2896 quam
1045 2840 1290 2895 quindecim
1308 2843 1533 2895 sequentes
1551 2851 1684 2880 annos
1702 2838 1776 2879 illa
