1934 3334
866 334 916 373 71

217 477 414 517 Attamen
466 476 651 530 lapidum
695 475 864 528 jactatio
913 476 996 514 tam
1046 471 1272 527 singularis
1318 473 1362 512 in
1409 473 1633 513 inimicum

157 562 340 615 impetus
373 562 436 601 est
469 558 698 612 habendus,
729 561 776 599 ut
804 557 1017 599 Lucianus
1048 555 1178 597 alium
1207 555 1451 609 scriptorem
1469 557 1640 597 secutus

159 657 250 687 esse
280 644 494 699 putandus
526 643 610 684 sit?

221 728 312 778 Qua
360 726 594 769 imitatione
625 727 669 766 in
699 726 835 766 medio
869 724 1013 766 relicta
1045 722 1277 776 videamus,
1310 722 1412 776 quid
1444 721 1493 763 de
1519 735 1641 776 argu-

163 813 316 854 mentis
360 813 405 852 in
446 811 676 852 Rhetorum
711 811 987 864 praeceptore,
1019 806 1348 860 Icaromenippo,
1378 805 1642 858 Necyoman-

159 898 218 958 tia
250 897 451 938 statuerit.

220 979 338 1021 Rhet.
381 968 523 1020 Praec.
566 980 586 1018 l
621 978 821 1032 magister
854 975 906 1016 ad
938 974 1196 1029 discipulum
1227 973 1348 1014 dicit:
1380 971 1536 1022 ἀβίωτα
1566 971 1642 1025 γαρ

161 1059 258 1105 εἶναι’
299 1078 354 1104 σοι
395 1061 489 1114 φής,
532 1061 562 1102 εἰ
603 1060 660 1111 μὴ
702 1058 881 1106 τοιαύτην
923 1056 1011 1099 τινα
1052 1056 1122 1103 τὴν
1163 1056 1324 1106 δύναμιν
1356 1054 1575 1108 περιβάλοιο
1606 1057 1643 1097 ἐν

162 1150 243 1192 τοῖς
291 1145 430 1198 λόγοις,
474 1143 521 1190 ὡς
553 1141 717 1194 ἄμαχον
749 1138 843 1182 εἶναι
879 1139 946 1181 καὶ
981 1139 1249 1180 ἀνυπόστατον
1282 1137 1345 1179 καὶ
1384 1136 1637 1189 θαυμαζεσθα

167 1229 257 1281 πρὸς
301 1227 482 1270 ἁπάντων
528 1227 592 1269 καὶ
636 1225 930 1276 ἀποβλέπεσθαι
972 1222 1295 1277 περισπούδαστον
1339 1221 1522 1273 ἄκουσμα
1564 1227 1645 1270 τοῖς

167 1310 336 1359 Ἕλλησι
369 1311 563 1353 δοκοῦντα.

228 1394 446 1449 „Quorum
487 1394 741 1436 verborum’'
785 1394 845 1434 sic
876 1392 1017 1446 inquit
1048 1390 1280 1432 Schulzeus
1316 1391 1548 1443 „sententia
1580 1402 1646 1431 ea-

167 1479 261 1520 dem
307 1478 393 1520 fere
442 1482 515 1531 est,
563 1491 671 1532 qnae
710 1478 754 1518 in
787 1476 984 1518 Nubibus
1020 1475 1149 1530 (412),
1182 1473 1255 1515 ubi
1286 1473 1437 1514 chorus
1468 1473 1646 1527 Strepsi-

170 1563 292 1604 adem
326 1563 385 1603 sic
417 1562 666 1616 alloquitur:

283 1642 309 1686 ὦ
342 1649 411 1692 τῆς
445 1643 626 1695 μεγάλης
659 1643 900 1694 ἐπιθυμήσας
932 1642 1086 1695 σοφίας,
1119 1641 1298 1693 ἄνθρωπε,
1332 1639 1420 1692 παρ’
1461 1639 1567 1690 ἡμῶν

284 1731 333 1776 ὦς
365 1728 554 1779 εὐδαίμων
585 1729 621 1769 ἐν
654 1726 866 1775 Ἀθηναίοις
898 1725 965 1767 καὶ
999 1730 1077 1772 τοῖς
1110 1723 1278 1771 Ἕλλησι
1310 1721 1461 1771 διάξεις.

228 1814 286 1854 At
324 1813 394 1854 ille
428 1814 611 1866 juvenis,
656 1813 730 1866 qui
762 1813 872 1852 inter
905 1810 1085 1852 Graecos
1117 1810 1356 1864 praeclarus
1388 1809 1526 1850 rhetor
1556 1807 1648 1850 fieri

169 1898 322 1951 studet,
367 1896 595 1951 Strepsiadi
641 1897 911 1949 antiquorum
959 1895 1241 1948 sophistarum
1290 1893 1547 1933 dialecticam
1593 1893 1646 1933 ad

169 1981 279 2021 vitae
311 1979 528 2020 commoda
560 1978 756 2019 adhibere
782 1977 951 2030 volenti,
983 1989 1067 2017 non
1100 1979 1186 2017 tam
1220 1975 1368 2016 similis
1396 1975 1572 2028 videtur,
1600 1977 1647 2015 ut

170 2063 405 2104 Lucianum
437 2063 760 2115 Aristophanem
796 2064 985 2102 secutum
1019 2073 1110 2101 esse
1142 2061 1345 2114 appareat.

235 2145 340 2199 „Sed
372 2146 673 2199 cogitationum
705 2156 937 2185 consensus
969 2144 1092 2184 etiam
1126 2143 1352 2197 speciosior
1378 2144 1440 2183 est
1466 2142 1511 2181 in
1528 2140 1647 2182 aliis'’

172 2232 307 2285 pergit
337 2230 567 2271 Schulzeus
600 2232 640 2270 et
671 2230 772 2282 vias,
807 2241 913 2282 quae
946 2229 1046 2269 artis
1079 2228 1308 2269 rhetoricae
1339 2226 1539 2267 studiosis
1555 2238 1648 2279 pro-

174 2318 400 2369 ponuntur,
432 2326 563 2354 unam
596 2314 820 2367 spinosam,
852 2312 1023 2353 alteram
1054 2311 1222 2365 planam
1255 2313 1295 2351 et
1322 2322 1516 2364 aequam,
1550 2321 1648 2350 cum

175 2395 304 2447 δικαίῳ
338 2401 378 2437 et
407 2395 524 2447 ἀδίκῳ
555 2393 657 2446 λόγῳ
690 2408 711 2436 e
743 2394 940 2436 Nubibus
973 2394 1238 2448 comparavit.

233 2480 291 2520 At
338 2479 439 2519 haec
487 2479 665 2519 duarum
712 2479 878 2518 viarum
928 2477 1193 2531 comparatio,
1242 2488 1349 2530 quae
1391 2488 1445 2516 ex
1475 2474 1652 2516 Hesiodi

179 2562 384 2617 Operibus
431 2561 505 2614 (vs.
540 2561 621 2601 287
656 2562 760 2614 sqq.)
794 2564 833 2601 et
866 2573 887 2601 e
919 2560 1120 2601 Prodicea
1151 2559 1293 2600 fabula
1327 2558 1523 2600 omnibus
1554 2561 1654 2599 nota

179 2650 253 2699 est,
286 2659 339 2687 ex
371 2645 568 2686 Nubibus
600 2644 849 2699 profluxerit
880 2656 1050 2685 necesse
1083 2643 1176 2685 est?

238 2729 605 2782 Icaromenippum
639 2728 789 2768 deinde
822 2740 907 2768 una
940 2729 1125 2780 exparte
1144 2728 1367 2780 cognatum
1382 2726 1544 2779 judicat
1561 2738 1657 2766 cum

181 2813 301 2854 initio
345 2812 516 2864 Avium,
548 2811 676 2852 altera
709 2822 763 2851 ex
793 2812 909 2864 parte
940 2810 1096 2850 mirum
1127 2810 1173 2849 in
1204 2808 1378 2849 modum
1410 2820 1507 2849 cum
1537 2807 1658 2849 Pacis
