1934 3334
844 363 897 402 65

190 503 448 545 Fritzschius
479 505 522 544 in
550 502 804 557 praefatione
831 502 881 543 ad
910 502 1138 556 dialogum,
1165 515 1419 556 quemquam
1450 515 1613 556 eorum,

133 588 206 641 qui
234 574 414 628 'Luciani
444 586 703 640 temporibus
735 598 757 627 e
788 589 911 640 gente
943 585 1108 638 Avidia,
1139 585 1290 626 Pontia
1323 585 1391 626 vel
1424 584 1608 626 Domitia

130 669 297 724 Nigrini
341 671 589 724 cognomine
633 669 884 724 gaudebant,
930 670 974 709 in
1014 672 1157 710 nostro
1201 668 1363 723 dialogo
1397 669 1608 723 designari

131 753 285 807 optimo
323 754 418 806 jure
460 755 595 807 negat,
628 752 700 793 sed
733 751 810 793 sub
836 751 1007 792 nomine
1038 751 1205 805 Nigrini
1238 751 1442 792 Albinum
1476 764 1608 806 quen-

130 836 224 876 dam
257 835 520 877 Platonicum
548 836 676 876 latere
702 836 909 889 opinatur,
941 836 1014 889 qui
1042 848 1138 875 cum
1166 848 1275 875 anno
1297 835 1378 875 152
1398 835 1605 889 Smyrnae

130 920 305 973 doceret,
346 921 456 961 inter
478 919 590 977 ,alios
623 918 829 960 Galenum
861 921 1004 973 postea
1037 918 1348 960 nobilissimum
1381 920 1604 974 medicum,

129 1003 384 1057 discipulum
416 1003 573 1044 habuit.

185 1086 244 1128 At
287 1087 355 1127 hic
401 1100 514 1141 rogo,
556 1099 685 1140 quare
726 1086 951 1140 Lucianus,
994 1088 1067 1140 qui
1110 1087 1359 1141 magistrum
1401 1088 1605 1129 Albinum

126 1169 297 1211 laudare
337 1170 473 1223 vellet,
514 1183 667 1211 nomen
713 1170 884 1211 celando
926 1170 1146 1211 dimidium
1189 1171 1325 1212 laudis
1368 1171 1607 1226 dempserit,

127 1266 211 1307 quo
243 1254 411 1307 accedit,
443 1257 491 1294 ut
521 1254 689 1294 nullum
717 1254 1017 1295 documentum
1041 1255 1232 1295 invenire
1258 1256 1428 1308 possim,
1459 1269 1607 1309 quam-

126 1337 269 1378 obrem
298 1337 370 1378 ille
400 1337 582 1378 Albinus
612 1337 724 1378 idem
756 1336 893 1389 fuerit,
927 1349 1052 1390 quem
1084 1336 1299 1378 Lucianus
1330 1337 1408 1379 sub
1437 1338 1605 1393 Nigrini

125 1421 296 1461 nomine
324 1419 523 1461 laudavit.

183 1503 438 1545 Fritzschius
484 1505 528 1544 in
575 1506 695 1545 textu
736 1502 915 1544 Luciani
948 1504 1241 1545 constituendo
1275 1506 1476 1560 vitiisque
1508 1519 1608 1560 pur-

124 1587 262 1642 gando
317 1600 402 1628 non
459 1587 656 1641 exiguam
711 1586 879 1627 laudem
938 1588 1124 1641 meritus,
1182 1589 1226 1628 in
1286 1589 1606 1642 quaestionibus

124 1674 263 1712 tamen
306 1670 358 1711 ad
398 1671 615 1711 historiam
658 1670 978 1724 pertinentibus,
1023 1684 1122 1712 cum
1166 1671 1310 1713 multis
1352 1673 1444 1714 aliis
1475 1673 1608 1727 philo-

122 1753 228 1808 logis
274 1754 353 1794 hoc
384 1766 522 1795 errore
554 1757 768 1808 permotus
800 1759 875 1808 est,
909 1758 957 1795 ut
990 1756 1251 1808 conjecturas
1282 1768 1456 1809 prorsus
1487 1757 1605 1798 nullo

121 1838 302 1879 nitentes
352 1837 626 1879 fundamento
676 1838 934 1879 confidenter
980 1838 1192 1892 proferret.
1241 1839 1412 1894 Semper
1457 1841 1607 1890 hercle,

121 1933 326 1962 memores
358 1922 504 1975 simus,
535 1922 738 1975 plurimas
771 1935 825 1963 ex
858 1923 1110 1976 antiquitate
1143 1935 1208 1963 res
1242 1926 1452 1964 vetustate
1478 1925 1605 1965 nimis

122 2004 306 2045 occultas
338 2016 441 2058 esse,
476 2017 603 2058 quam
636 2017 744 2058 quae
783 2005 920 2045 adhuc
952 2005 1002 2045 ad
1036 2008 1198 2046 certum
1216 2009 1414 2047 eventum
1433 2007 1606 2061 perduci

121 2088 294 2142 possint,
334 2100 473 2141 neque
514 2088 609 2128 illos
647 2089 853 2142 sophistas
887 2089 1116 2142 imitemur,
1149 2090 1221 2143 qui
1256 2092 1392 2130 utram
1426 2089 1606 2132 Veneris

123 2184 296 2212 manum
353 2170 578 2213 Diomedes
629 2172 925 2222 vulneraverit,
971 2176 1013 2213 et
1060 2175 1154 2213 utro
1201 2173 1306 2227 pede
1353 2174 1606 2216 claudicaret

122 2255 343 2310 Philippus
376 2254 677 2309 quaeritabant.
711 2254 921 2309 Equidem
954 2268 1062 2310 nego
1095 2256 1201 2296 effici
1235 2270 1368 2310 posse,
1402 2259 1497 2312 quis
1526 2258 1605 2300 sub

120 2339 287 2394 Nigrini
318 2352 496 2393 persona
528 2339 664 2392 lateat,
696 2340 824 2379 immo
856 2342 985 2379 totam
1012 2339 1128 2379 illam
1146 2339 1352 2380 Platonici
1370 2341 1606 2395 philosophi

119 2436 339 2477 personam
373 2437 396 2464 a
428 2422 613 2463 Luciano
648 2423 790 2463 fictam
821 2435 912 2464 esse
940 2423 1042 2463 mihi
1070 2425 1352 2465 certissimum
1373 2426 1510 2466 visum
1533 2429 1609 2467 est.

178 2506 404 2561 Nigrinum
448 2520 581 2561 aeque
623 2520 670 2547 ac
702 2506 1027 2559 Hermotimum,
1059 2506 1293 2561 Micyllum,
1325 2508 1601 2551 Adimantum

122 2591 299 2644 eiusque
344 2591 500 2631 amieos
547 2591 605 2641 (in
651 2589 925 2642 Hermotimo,
973 2589 1104 2642 Gallo,
1152 2589 1345 2645 Navigio)
1394 2605 1468 2646 pro
1510 2592 1607 2634 ficta

121 2687 299 2729 persona
345 2673 515 2715 habenti
555 2673 659 2715 forte
702 2676 911 2728 quispiam
954 2675 1055 2715 mihi
1099 2674 1278 2728 objiciat,
1311 2676 1474 2731 dialogo
1507 2689 1599 2718 esse

122 2758 376 2812 praepositas
416 2757 592 2798 Luciani
624 2758 781 2799 litteras
813 2758 864 2798 ad
895 2757 1121 2812 Nigrinum
1154 2760 1401 2813 magistrum
1437 2762 1599 2802 missas.

123 2843 181 2884 At
213 2843 308 2897 quis
337 2843 496 2884 nesciat
523 2843 834 2884 Antoninorum
860 2855 962 2884 aevo
990 2843 1197 2897 sophistas
1230 2844 1329 2884 huic
1356 2846 1417 2885 rei
1434 2857 1602 2899 operam

1456 2918 1478 2949 5
