1934 3334
840 323 892 362 15

129 461 348 509 ἐλύπησεν.
379 461 429 507 εἷς
455 460 529 513 γὰρ
547 460 609 502 τὸν
626 459 841 512 Περεγρίνου
858 459 939 509 βίον
956 458 1197 501 καθάπτεται
1214 462 1279 500 τοῦ
1299 462 1589 507 Χριστικνισμοῦ

130 543 194 587 καὶ
220 545 332 586 αὐτὸν
359 544 603 595 βλασφημεῖ
625 543 686 584 τὸν
716 543 868 593 Χριστὸν
895 542 911 582 ὃ
937 543 1178 594 παμμίαρος,
1210 542 1263 583 διὸ
1286 540 1351 582 καὶ
1370 546 1439 588 τῆς
1456 540 1600 588 λύττης

130 629 260 673 ποινὰς
286 627 473 680 ἀρκούσας
501 628 536 668 ἐν
563 629 613 678 τῷ
631 626 785 675 παρόντι
804 625 972 673 δέδωκεν,
993 626 1029 666 ἐν
1049 626 1088 666 δὲ
1105 627 1156 677 τῷ
1175 625 1356 675 μέλλοντι
1373 625 1599 677 κληρονόμος

128 715 194 753 τοῦ
239 701 383 753 αἶωῦίου
428 711 539 762 πυρὸς
586 710 690 760 μετὰ
731 713 795 750 τοῦ
836 713 1000 750 Σατανᾶ
1041 709 1242 759 γενήσεται
1286 710 1454 763 (Suidas
1498 723 1527 751 s.
1561 723 1600 750 V.

129 794 362 847 Λουκικνός).

187 878 370 919 Primam
419 882 458 920 et
503 878 692 919 ultimam
736 880 895 932 partem
937 880 1256 931 praetereamus,
1300 877 1398 930 quia
1442 889 1598 917 meram

129 962 702 1016 Byzantinorum'ineptiam
755 962 925 1015 spirant.
966 960 1117 1001 Nonne
1160 973 1284 1001 canes
1326 959 1479 1000 Suidae
1525 959 1600 1000 tibi

129 1049 303 1087 mortem
336 1046 442 1087 alius
475 1044 682 1096 δυσφήμου
716 1069 769 1074 —
802 1044 1044 1098 Euripidem
1081 1044 1172 1085 dico
1207 1044 1329 1084 —in
1356 1044 1600 1084 memoriam

129 1129 310 1169 vocant?

188 1211 269 1253 Sed
308 1212 360 1252 ad
401 1211 579 1252 mediam
615 1214 878 1252 transeamus
910 1213 1089 1264 partem.
1121 1209 1334 1251 Lucianus
1366 1210 1473 1250 vixit
1503 1209 1600 1250 Tra-

124 1295 222 1348 jano
267 1296 513 1349 imperatore
564 1295 794 1347 (iffi-417)
843 1297 883 1335 et
925 1297 1077 1348 postea.
1123 1293 1367 1334 Antiochiae
1398 1297 1598 1347 patronus

129 1391 351 1419 causarum
393 1381 491 1431 erat,
524 1378 596 1419 sed
628 1391 724 1419 cum
755 1390 821 1419 res
854 1378 891 1418 ei
922 1391 1007 1418 non
1038 1377 1144 1418 bene
1177 1377 1352 1430 cederet,
1383 1380 1519 1418 totum
1554 1389 1598 1418 se

129 1463 279 1504 litteris
312 1463 423 1504 dedit
454 1466 493 1503 et
523 1464 745 1503 innumera
777 1462 931 1515 scripta
963 1461 1210 1515 composuit.

190 1544 305 1594 Quae
345 1545 473 1586 verba
512 1549 736 1599 antequam
777 1558 800 1585 a
841 1544 1149 1598 philologorum
1181 1544 1429 1585 criminibus
1462 1544 1600 1586 defen-

132 1628 241 1681 dam,
272 1628 460 1682 quinque
491 1627 666 1668 Luciani
698 1629 850 1681 scripta
881 1627 1148 1681 enumerabo,
1176 1641 1282 1682 quae
1309 1641 1392 1682 quo
1409 1632 1599 1682 tempore

132 1711 241 1752 edita
273 1712 367 1764 sint,
398 1723 451 1752 ex
483 1714 728 1765 argumento
761 1710 922 1752 efficere
955 1711 1062 1752 licet.

189 1795 220 1835 Ι.
261 1795 470 1849 Imagines
511 1808 615 1849 opus
657 1798 718 1836 est
759 1795 1036 1848 compositum
1078 1795 1120 1834 in
1155 1795 1354 1836 honorem
1386 1795 1600 1836 Pantheae

132 1878 362 1930 cuiusdam,
394 1890 500 1931 quae
531 1877 709 1918 Lucium
742 1877 900 1919 Verum
932 1879 1221 1931 imperatorem
1251 1878 1301 1918 ad
1329 1878 1485 1919 bellum
1503 1878 1603 1918 Par-

131 1960 291 2001 thicum
330 1960 660 2014 proficiscentem
691 1960 868 2001 fideliter
899 1962 1093 2001 comitata
1124 1964 1195 2002 est.
1231 1959 1346 2015 Opus
1379 1965 1440 2002 est
1473 1962 1602 2015 igitur

133 2044 335 2097 scriptum
367 2056 478 2084 anno
513 2044 608 2084 162.

193 2126 246 2167 II.
286 2126 354 2167 Ex
394 2126 576 2168 Eusebio
619 2126 782 2178 (Chron.
823 2126 877 2168 ΙΙ.
921 2140 959 2181 p.
1006 2127 1077 2167 17]
1131 2127 1205 2168 Ed.
1243 2127 1444 2180 Schoene)
1480 2128 1605 2170 Pere-

134 2210 303 2264 grinum
349 2210 542 2262 cynicum
590 2222 698 2250 anno
748 2210 828 2249 165
874 2208 1080 2263 Olympiis
1122 2223 1271 2264 rogum
1309 2211 1603 2252 conscendisse

136 2295 308 2333 constat.
355 2292 513 2333 Eodem
554 2305 663 2332 anno
706 2295 778 2333 aut
819 2293 1011 2346 sequenti
1052 2294 1182 2347 igitur
1214 2294 1366 2347 scripta
1398 2296 1460 2335 est
1491 2293 1604 2335 Mors

136 2375 363 2430 Peregrini.

194 2457 270 2498 III.
300 2457 424 2499 Liber
470 2458 520 2499 de
565 2458 737 2498 historia
777 2458 1077 2500 conscribenda
1117 2471 1163 2500 eo
1205 2460 1379 2501 consilio
1423 2461 1602 2514 scriptus

138 2545 211 2595 est,
242 2545 288 2583 ut
318 2542 514 2595 rhetores,
542 2542 615 2595 qui
632 2541 785 2582 bellum
803 2542 1044 2583 Parthicum
1064 2543 1323 2594 (162—165)
1343 2544 1604 2598 enarrabant,

137 2625 524 2678 perstringerentur.
557 2624 710 2665 Annus
742 2625 935 2666 editionis
966 2627 1095 2680 igitur
1126 2629 1188 2667 est
1218 2629 1310 2680 post
1345 2626 1442 2667 165.

195 2707 268 2747 IV.
301 2706 398 2748 Vita
427 2706 694 2748 Demonactis
726 2710 954 2763 composita
986 2713 1049 2750 est
1079 2712 1171 2763 post
1202 2722 1360 2750 annum
1396 2709 1489 2750 177.
1517 2708 1602 2763 (cfr.

139 2794 264 2846 caput
294 2792 321 2831 4
353 2791 377 2843 ἓ
408 2792 435 2831 4
468 2803 583 2832 meae
614 2791 942 2845 dissertationis).
