1934 3334
1015 359 1070 400 46

307 501 358 543 ad
389 501 516 542 finem
537 499 749 554 perducto,
768 511 875 553 quae
893 498 943 540 de
959 497 1136 539 Luciani
1153 497 1349 553 operibus
1366 498 1584 540 rhetoricis
1603 496 1792 538 animad-

307 587 425 638 verti,
458 586 526 625 hic
559 597 641 625 uno
674 587 903 638 conspectu
937 583 1204 638 complectar.

365 669 513 723 Usque
544 669 596 709 ad
629 668 1002 723 quadragesimum
1038 681 1198 708 annum
1236 668 1344 709 vitae
1378 666 1626 722 vulgaribus
1658 666 1811 707 rheto-'

305 765 401 793 rum
445 751 595 793 studiis
642 751 834 793 addictus
882 751 1009 792 verba
1056 764 1133 792 sua
1166 751 1217 792 ad
1251 750 1494 792 auditorum
1529 750 1791 792 voluntatem

308 835 657 892 accommodavit,
699 838 739 876 et
782 847 889 888 quae
931 838 1074 888 postea
1107 833 1254 875 acerbe
1287 834 1546 888 perstrinxit,
1576 833 1654 874 hoc
1681 833 1791 873 vitae

308 923 497 973 tempore
539 918 829 973 compluribus
871 918 989 959 libris
1032 917 1265 959 celebravit.
1311 916 1407 958 Duo
1441 921 1583 958 tamen
1617 928 1740 971 opera
1772 927 1795 957 e

309 1004 442 1057 prima
473 1007 605 1044 aetate
635 1006 876 1057 supersunt,
910 1015 1017 1056 quae
1036 1002 1353 1056 quodammodo
1372 1014 1468 1042 cum
1490 999 1793 1055 posterioribus

309 1090 409 1128 sunt
454 1087 747 1141 comparanda.
796 1085 903 1127 Nam
954 1087 995 1126 in
1041 1086 1331 1126 Anacharside
1376 1087 1564 1140 primum
1605 1085 1796 1126 satiricae

307 1170 460 1211 indolis
508 1170 711 1211 indicium
763 1170 1035 1224 conspicitur,
1080 1169 1230 1210 deinde
1273 1182 1358 1210 una
1388 1168 1608 1210 Toxaridis
1639 1167 1797 1223 fabula,

305 1255 403 1295 licet
449 1255 694 1308 scriptorem
739 1258 901 1295 certum
946 1253 1160 1307 quoddam
1203 1254 1356 1294 comici
1399 1252 1648 1307 exemplum
1697 1255 1794 1293 ante

307 1338 451 1379 oculos
481 1337 680 1378 habuisse
711 1350 795 1377 non
826 1340 1032 1391 appareat,
1064 1340 1207 1377 tamen
1234 1339 1402 1390 propter
1429 1336 1636 1377 eroticum
1665 1348 1791 1390 argu-

311 1424 503 1462 mentum
539 1434 638 1462 oum
672 1420 792 1462 Nova
824 1419 1049 1461 Comoedia
1081 1420 1315 1474 comparari
1349 1422 1496 1473 potest.

369 1504 461 1554 Qua
494 1510 636 1546 autem
672 1506 739 1546 via
771 1503 984 1545 Lucianus
1017 1517 1039 1545 e
1071 1504 1234 1544 rhetore
1252 1504 1416 1558 vulgari
1435 1502 1681 1557 aequalium
1700 1514 1796 1543 cen-

311 1603 380 1631 sor
410 1588 546 1631 factus
579 1591 643 1643 sit,
676 1590 871 1643 sequenti
904 1590 1040 1643 capite
1070 1592 1264 1630 accurate
1295 1586 1629 1643 explorabimus.
