1934 3334
1013 336 1067 375 78

296 477 504 527 habuisse,
537 477 610 531 qui
641 475 964 517 Demosthenem
1000 476 1122 530 quasi
1149 476 1350 517 timidum
1378 476 1553 518 militem
1570 476 1780 518 laceravit.

295 560 381 611 (cfr.
413 559 544 613 Koch,
574 559 780 600 Timocles
811 559 858 599 fr.
893 560 920 599 4
962 562 1002 600 et
1035 559 1116 612 12).

356 644 407 684 V.
439 643 574 685 Multo
607 644 777 684 hilarior
805 656 932 697 quam
959 642 1178 685 Parasitus
1205 643 1290 697 ille,
1316 646 1378 685 est
1414 643 1606 686 Vitarum
1620 643 1784 699 Auctio,

298 728 371 769 ubi
413 728 602 769 omnium
645 732 854 768 sectarum
893 728 1115 781 magistros
1146 731 1363 781 tamquam
1399 729 1608 783 mancipia
1639 728 1783 769 venire

296 811 428 866 fingit,
471 815 765 866 praeterquam
799 810 912 865 quod
946 823 1030 851 non
1063 812 1153 865 ipse
1184 811 1433 853 Aristoteles
1465 812 1537 853 sed
1570 811 1783 866 Peripate-

297 897 406 937 ticus
440 887 611 950 quidam
643 896 688 935 in
721 907 888 936 scenam
923 894 1071 949 prodit.
1106 894 1192 935 Nec
1228 895 1404 936 mirum:
1440 908 1653 949 nusquam
1670 894 1783 949 apud

297 981 478 1021 comicos
521 980 591 1021 ille
633 979 867 1034 Stagirites,
911 992 1090 1033 persona
1133 979 1184 1020 ad
1227 980 1362 1021 risum
1405 979 1662 1020 movendum
1697 991 1783 1020 non

295 1067 401 1118 apta,
448 1068 586 1118 partes
635 1063 732 1117 agit,
779 1062 1042 1116 Pythagoras
1090 1075 1190 1103 vero
1240 1066 1280 1103 et
1326 1063 1520 1117 inprimis
1567 1061 1687 1102 Plato
1731 1060 1782 1102 ob

298 1148 468 1189 insolita
499 1160 645 1189 eorum
676 1147 830 1201 placita
861 1146 1104 1187 eluduntur.

357 1231 438 1273 Sed
484 1231 534 1273 de
582 1230 774 1271 Vitarum
821 1231 1033 1271 Auctione
1065 1230 1186 1285 plura
1218 1243 1333 1272 nunc
1366 1244 1453 1272 non
1486 1231 1649 1285 addam,
1681 1232 1782 1286 quja

296 1316 347 1357 ad
388 1316 518 1357 huius
557 1315 711 1369 dialogi
744 1315 1087 1369 compositionem
1122 1314 1231 1355 infra
1262 1314 1526 1356 redeundum
1561 1316 1651 1371 erit,
1683 1328 1781 1357 cum

299 1400 349 1440 de
380 1399 644 1441 Hermotimo
676 1411 810 1453 pauca
841 1399 885 1438 in
919 1398 1107 1439 medium
1138 1397 1357 1452 proferam,
1390 1399 1458 1439 hic
1489 1402 1631 1441 tamen
1662 1399 1782 1441 tabu-

297 1484 379 1525 lam
405 1485 601 1537 inseram,
632 1482 745 1524 unde
777 1485 926 1536 pateat,
959 1485 1217 1537 quantopere
1245 1483 1330 1536 joci
1362 1483 1406 1523 in
1437 1483 1710 1538 philosophos
1735 1484 1780 1524 in

301 1570 518 1610 communi
550 1568 807 1609 comicorum
840 1580 924 1608 usu
954 1566 1123 1608 fuerint.

358 1653 409 1693 In
441 1652 725 1706 Pythagoram
758 1652 935 1705 eiusque
968 1654 1124 1692 sectam
1158 1652 1335 1705 scriptae
1367 1654 1467 1692 sunt
1496 1650 1684 1694 fabulae:

358 1735 566 1786 'Amas'cov
592 1735 878 1788 Mnesimachi,
907 1734 1195 1785 Πυθαγοριστής
1222 1735 1548 1790 Aristophontis,
1573 1735 1784 1786 Μνήματα

299 1821 566 1875 Antiphanis,
611 1823 839 1871 Ταραντῖνοι
887 1823 927 1861 et
965 1818 1280 1871 Πυθαγορίζουσοι
1322 1822 1362 1861 et
1403 1818 1535 1866 Ἀτθίς
1577 1820 1784 1875 Alexidis,

301 1908 531 1957 Ταραντῖνοι
564 1903 723 1945 Cratini
749 1904 944 1958 Junioris.

358 1989 411 2030 In
443 1989 662 2030 Platonem
694 1991 735 2030 et
765 1988 1061 2029 Academiam:

361 2072 527 2113 Πλάτων
557 2073 886 2127 Aristophontis,
919 2071 1108 2122 Ναυκγός
1141 2071 1336 2127 Ephippi,
1368 2071 1549 2119 Ἀνταῖος
1581 2073 1786 2128 Antipha-

304 2158 382 2211 nis,
416 2155 587 2205 Ἱππεύς,
623 2155 795 2202 Μίλκων,
829 2155 1049 2205 ”Αγκυλίων
1075 2156 1283 2210 Alexidis,
1313 2153 1583 2206 Δεξιδημίδῃ
1610 2157 1788 2211 Amphi-

304 2241 380 2295 dis,
418 2239 597 2281 Πλουσίοι
630 2240 840 2281 Anaxilae
871 2243 912 2282 et
942 2240 1085 2281 fabula
1118 2253 1226 2294 quae
1257 2244 1448 2295 superest
1480 2241 1788 2296 Aristophanea
1867 2293 1869 2295 ,

304 2322 674 2375 Ἑκκλησιικζοῦσοιι.

362 2408 413 2449 In
446 2408 626 2461 Cynicos
659 2411 698 2450 et
730 2407 916 2449 Stoicos:

362 2491 567 2544 Φιλόσοφοι
600 2492 870 2545 Philemonis,
903 2491 1073 2543 Κώρυκος
1106 2491 1360 2546 Antiphanis
1392 2494 1432 2533 et
1463 2490 1674 2544 Σύντροφοι
1701 2491 1784 2534 Da-

304 2577 486 2629 moxeni,
529 2575 602 2616 ubi
633 2589 796 2630 coquus
826 2575 1062 2630 Epicureus
1095 2576 1297 2617 adversus
1329 2574 1490 2617 Stoicos
1522 2576 1653 2618 verba
1683 2576 1782 2618 facit

303 2658 390 2710 (cfr.
430 2657 669 2700 Lucianeus
700 2660 910 2713 parasitus
943 2660 989 2699 in
1017 2659 1288 2713 philosophos
1319 2658 1555 2713 invehens),
1589 2657 1793 2710 Διογένους

304 2742 441 2794 πρᾶσις
471 2741 711 2797 Hermippi.

364 2825 416 2866 In
447 2826 745 2880 Aristippum:
