1934 3334
898 328 949 366 93

185 468 356 508 moleste
398 468 542 508 iterato
575 466 682 508 effici
714 470 861 521 potest,
892 466 966 507 ubi
1001 469 1041 507 et
1080 465 1286 518 Cyniscus
1319 469 1359 507 et
1390 465 1586 518 Micyllus
1619 479 1663 507 se

185 549 350 590 nullum
394 549 563 590 obolum
602 562 743 590 secum
779 549 968 589 attulisse
1002 547 1182 589 Charoni
1217 548 1361 589 dicunt
1394 549 1463 601 (19
1496 552 1536 590 et
1568 550 1658 600 21);

183 633 333 674 deinde
390 634 595 673 orationes
652 633 703 673 ad
749 631 1119 672 Rhadamanthum
1168 631 1218 672 ab
1268 635 1449 685 utroque
1497 632 1660 674 habitae

184 716 286 756 nihil
319 717 426 756 inter
458 728 502 756 se
535 715 691 756 distant
724 716 806 767 (24,
839 716 919 767 25),
952 716 1009 755 ita
1042 718 1088 755 ut
1123 714 1340 767 Micyllum
1373 717 1416 755 in
1451 716 1661 770 dialogum

181 812 204 839 a
242 798 426 839 Luciano
461 798 629 839 demum
662 811 752 839 esse
786 799 989 838 insertum
1023 811 1096 851 pro
1128 801 1242 838 certo
1276 798 1483 840 affirmare
1515 801 1663 840 ausim.

186 880 276 930 Quo
309 882 477 934 accedit,
511 881 624 935 quod
656 882 785 933 locus,
819 880 891 921 ubi
917 880 1115 932 Micyllus
1147 880 1372 932 Cyniscum
1404 882 1510 922 serio
1536 886 1664 936 rogat,

185 978 286 1005 num
331 965 557 1006 Eleusiniis
600 965 811 1017 mysteriis
850 965 903 1004 sit
935 965 1135 1013 initiatus,
1169 977 1295 1017 prave
1328 979 1350 1004 a
1383 964 1567 1006 Luciano
1602 970 1664 1007 est

185 1047 364 1100 additus⁷
397 1049 494 1101 quia
528 1060 611 1087 non
645 1046 897 1099 Cynicorum
917 1050 1003 1087 erat
1022 1047 1123 1087 haec
1143 1048 1342 1098 mysteria
1361 1049 1501 1101 magni
1519 1048 1664 1090 facere.

242 1131 371 1172 Vides
403 1144 512 1185 ergo,
546 1134 591 1171 ut
623 1144 729 1184 quae
757 1131 833 1171 hac
860 1131 1116 1185 paragrapho
1147 1135 1398 1172 consecutus
1430 1145 1662 1185 sum‚com-

185 1215 450 1268 prehendam,
493 1215 535 1254 in
567 1214 703 1255 trihus
736 1215 910 1268 dialogis
942 1214 1271 1268 Icaromenippo,
1306 1215 1437 1268 Gallo,
1468 1216 1664 1268 Tyranno

187 1297 344 1350 Cynica
373 1298 510 1351 verba,
540 1310 646 1352 quae
674 1297 887 1338 Lucianus
917 1297 1103 1351 Menippi
1126 1311 1283 1339 memor
1301 1300 1477 1352 scripsit,
1496 1301 1665 1340 comicis

186 1383 376 1436 personis
424 1382 767 1435 (Icaromenippo,
810 1381 940 1434 Gallo,
986 1381 1171 1434 Micyllo)
1214 1382 1370 1423 tributa
1413 1385 1452 1423 et
1484 1382 1664 1423 indolem

188 1466 446 1520 dialogorum
476 1467 633 1519 jocosis
666 1478 687 1506 e
721 1466 935 1506 comoedia
965 1466 1101 1506 scenis
1130 1466 1282 1506 additis
1311 1466 1545 1506 hilariorem
1575 1478 1666 1506 esse

185 1550 346 1590 factam.
375 1549 499 1590 Nunc
528 1550 578 1590 ad
605 1549 842 1604 Nigrinum,
874 1550 984 1591 unde
1012 1551 1237 1604 disputatio
1266 1564 1416 1591 exorsa
1443 1554 1515 1603 est,
1543 1551 1665 1591 redeo

186 1637 311 1687 atque
358 1647 432 1674 vos
475 1647 587 1687 rogo,
630 1647 770 1674 nonne
814 1647 904 1675 mea
944 1635 1083 1688 opinio
1117 1634 1167 1675 de
1199 1635 1356 1675 comica
1388 1634 1502 1674 illius
1534 1634 1667 1687 philo-

187 1717 305 1771 sophi
349 1718 510 1770 origine
551 1731 745 1771 magnam
780 1718 865 1758 veri
899 1719 1078 1771 speciem
1113 1731 1209 1772 prae
1244 1730 1287 1758 se
1320 1717 1428 1758 ferre
1462 1717 1665 1757 videatur.

244 1801 484 1854 Antequam
533 1813 628 1841 vero
677 1801 727 1841 ad
772 1800 960 1841 ultimam
1005 1801 1132 1842 huius
1180 1801 1327 1855 capitis
1359 1800 1665 1854 paragraphum

185 1885 363 1935 transeo,
396 1883 655 1936 documenta,
690 1896 796 1937 quae
824 1883 1057 1925 Lucianum
1090 1886 1133 1924 in
1153 1884 1349 1938 operibus
1366 1885 1665 1938 componendis

187 1967 452 2021 neglegenter
484 1968 618 2021 egisse
650 1967 838 2020 probant,
874 1968 940 2008 hic
974 1967 1195 2008 indicabo:

249 2048 302 2089 10.
335 2049 541 2104 Nigrinus
572 2050 814 2091 Platonicus
847 2052 995 2102 cynica
1028 2050 1222 2104 dogmata
1255 2051 1384 2091 docet.

247 2132 303 2173 20.
337 2133 510 2174 Amator
557 2135 599 2173 in
649 2134 741 2174 dial.
795 2133 894 2175 Mer.
942 2133 1026 2173 XV
1074 2134 1194 2175 modo
1243 2134 1510 2188 Megarensis,
1544 2134 1666 2175 modo

332 2217 506 2258 Aetolus
542 2219 798 2270 nominatur,
833 2218 955 2258 modo
989 2219 1039 2259 ad
1074 2231 1218 2259 necem
1252 2219 1511 2271 vulneratur,
1545 2219 1666 2259 modo

333 2302 471 2342 statim
507 2300 602 2341 abit.

247 2383 302 2424 30.
337 2383 384 2423 In
434 2383 694 2424 Hermotimo
742 2385 1005 2438 philosophia
1050 2385 1204 2438 passim
1249 2386 1541 2438 contemnitur,
1585 2398 1669 2426 uno

337 2470 475 2507 tamen
509 2467 599 2507 loco
632 2467 841 2508 laudatur.

248 2548 305 2590 40.
339 2550 388 2590 In
420 2550 613 2591 Vitarum
647 2551 857 2592 Auctione
890 2550 964 2600 βίοι
998 2552 1309 2605 renuntiantur,
1342 2551 1576 2606 philosophi
1593 2553 1673 2606 ipsi

334 2637 529 2675 veneunt.
563 2633 753 2674 Socrates
786 2648 809 2674 a
842 2633 977 2675 Dione
1010 2634 1277 2687 Syracusano
1310 2635 1474 2675 emitur.

248 2718 305 2757 50.
338 2716 691 2771 Icaromenippus,
725 2721 949 2771 postquam
982 2719 1025 2758 in
1059 2719 1220 2759 coelum
1253 2718 1479 2771 adscendit,
1505 2719 1668 2759 itineris

338 2801 502 2841 consilii
534 2804 704 2854 repente
736 2799 892 2842 oblitus
925 2804 996 2842 est.
