<?xml version="1.0" encoding="UTF-8"?>
<!DOCTYPE html PUBLIC "-//W3C//DTD XHTML 1.0 Transitional//EN"
    "http://www.w3.org/TR/xhtml1/DTD/xhtml1-transitional.dtd">
<html xmlns="http://www.w3.org/1999/xhtml" xml:lang="en" lang="en">
 <head>
  <title>
</title>
<meta http-equiv="Content-Type" content="text/html;charset=utf-8" />
  <meta name='ocr-system' content='tesseract 3.04.00' />
  <meta name='ocr-capabilities' content='ocr_page ocr_carea ocr_par ocr_line ocrx_word'/>
</head>
<body>
  <div class='ocr_page' id='page_1' title='image "./studialucianea00bolduoft_0122.png"; bbox 0 0 1934 3334; ppageno 0'>
   <div class='ocr_carea' id='block_1_1' title="bbox 999 341 1082 381">
    <p class='ocr_par' dir='ltr' id='par_1_1' title="bbox 999 341 1082 381">
     <span class='ocr_line' id='line_1_1' title="bbox 999 341 1082 381; baseline 0.012 -1"><span class='ocrx_word' id='word_1_1' title='bbox 999 341 1082 381; x_wconf 83' lang='lat'>108</span> 
     </span>
    </p>
   </div>
   <div class='ocr_carea' id='block_1_2' title="bbox 296 477 1782 2876">
    <p class='ocr_par' dir='ltr' id='par_1_2' title="bbox 297 477 1781 609">
     <span class='ocr_line' id='line_1_2' title="bbox 300 477 1781 536; baseline 0.003 -15"><span class='ocrx_word' id='word_1_2' title='bbox 300 496 373 521; x_wconf 82' lang='grc' dir='ltr'>των</span> <span class='ocrx_word' id='word_1_3' title='bbox 416 477 482 520; x_wconf 69' lang='grc' dir='ltr'>καὶ</span> <span class='ocrx_word' id='word_1_4' title='bbox 530 477 710 531; x_wconf 80' lang='grc' dir='ltr'><em>διασύρων</em></span> <span class='ocrx_word' id='word_1_5' title='bbox 742 478 811 525; x_wconf 66' lang='grc' dir='ltr'>τὴν</span> <span class='ocrx_word' id='word_1_6' title='bbox 843 478 1077 527; x_wconf 63' lang='grc' dir='ltr'><em>Ἑλληνικὴν</em></span> <span class='ocrx_word' id='word_1_7' title='bbox 1109 479 1413 534; x_wconf 71' lang='grc' dir='ltr'>δεισιδαιμονίαν,</span> <span class='ocrx_word' id='word_1_8' title='bbox 1447 480 1568 536; x_wconf 68' lang='grc' dir='ltr'><em>ὥσπερ</em></span> <span class='ocrx_word' id='word_1_9' title='bbox 1598 484 1670 525; x_wconf 76' lang='grc' dir='ltr'><em>κοὶν</em></span> <span class='ocrx_word' id='word_1_10' title='bbox 1700 489 1781 532; x_wconf 82' lang='grc' dir='ltr'><em>τοῖς</em></span> 
     </span>
     <span class='ocr_line' id='line_1_3' title="bbox 297 561 959 609; baseline -0.002 -5"><span class='ocrx_word' id='word_1_11' title='bbox 297 562 429 609; x_wconf 75' lang='grc' dir='ltr'><em>ἄλλοις</em></span> <span class='ocrx_word' id='word_1_12' title='bbox 460 561 527 604; x_wconf 74' lang='grc' dir='ltr'>καὶ</span> <span class='ocrx_word' id='word_1_13' title='bbox 558 565 691 604; x_wconf 81' lang='grc' dir='ltr'><em>τοῦτον</em></span> <span class='ocrx_word' id='word_1_14' title='bbox 719 561 959 604; x_wconf 72' lang='grc' dir='ltr'><em>συνέταττεν.</em></span> 
     </span>
    </p>

    <p class='ocr_par' dir='ltr' id='par_1_3' title="bbox 297 647 1782 1542">
     <span class='ocr_line' id='line_1_4' title="bbox 357 647 1782 704; baseline 0.005 -17"><span class='ocrx_word' id='word_1_15' title='bbox 357 647 534 688; x_wconf 89' lang='lat' dir='ltr'>Photius</span> <span class='ocrx_word' id='word_1_16' title='bbox 576 648 716 702; x_wconf 86' lang='lat' dir='ltr'>igitur,</span> <span class='ocrx_word' id='word_1_17' title='bbox 760 648 868 688; x_wconf 89' lang='lat' dir='ltr'>sicut</span> <span class='ocrx_word' id='word_1_18' title='bbox 910 648 989 688; x_wconf 88' lang='lat' dir='ltr'>viri</span> <span class='ocrx_word' id='word_1_19' title='bbox 1030 647 1139 688; x_wconf 85' lang='lat' dir='ltr'>docti</span> <span class='ocrx_word' id='word_1_20' title='bbox 1170 649 1297 703; x_wconf 85' lang='lat' dir='ltr'>vulgo</span> <span class='ocrx_word' id='word_1_21' title='bbox 1331 650 1568 704; x_wconf 83' lang='lat' dir='ltr'>opinantur,</span> <span class='ocrx_word' id='word_1_22' title='bbox 1600 651 1782 694; x_wconf 89' lang='lat' dir='ltr'>Asinum</span> 
     </span>
     <span class='ocr_line' id='line_1_5' title="bbox 297 730 1781 785; baseline 0.003 -14"><span class='ocrx_word' id='word_1_23' title='bbox 297 730 558 772; x_wconf 86' lang='lat' dir='ltr'>Lucianeum</span> <span class='ocrx_word' id='word_1_24' title='bbox 591 732 759 772; x_wconf 87' lang='lat' dir='ltr'>satiram</span> <span class='ocrx_word' id='word_1_25' title='bbox 794 732 836 771; x_wconf 92' lang='lat' dir='ltr'>in</span> <span class='ocrx_word' id='word_1_26' title='bbox 872 730 1227 785; x_wconf 80' lang='lat' dir='ltr'>Metam&#39;orphoses</span> <span class='ocrx_word' id='word_1_27' title='bbox 1260 730 1378 773; x_wconf 85' lang='lat' dir='ltr'>Lucii</span> <span class='ocrx_word' id='word_1_28' title='bbox 1407 732 1620 776; x_wconf 84' lang='lat' dir='ltr'>Patrensis</span> <span class='ocrx_word' id='word_1_29' title='bbox 1648 736 1781 776; x_wconf 91' lang='lat' dir='ltr'>nomi-</span> 
     </span>
     <span class='ocr_line' id='line_1_6' title="bbox 298 814 1780 872; baseline 0.005 -18"><span class='ocrx_word' id='word_1_30' title='bbox 298 815 449 856; x_wconf 76' lang='lat' dir='ltr'>navit?</span> <span class='ocrx_word' id='word_1_31' title='bbox 496 814 704 869; x_wconf 80' lang='lat' dir='ltr'>Equidem</span> <span class='ocrx_word' id='word_1_32' title='bbox 752 828 836 856; x_wconf 92' lang='lat' dir='ltr'>non</span> <span class='ocrx_word' id='word_1_33' title='bbox 885 815 1028 867; x_wconf 75' lang='lat' dir='ltr'>credo,</span> <span class='ocrx_word' id='word_1_34' title='bbox 1074 828 1169 855; x_wconf 90' lang='lat' dir='ltr'>nam</span> <span class='ocrx_word' id='word_1_35' title='bbox 1213 818 1298 856; x_wconf 87' lang='lat' dir='ltr'>tota</span> <span class='ocrx_word' id='word_1_36' title='bbox 1339 817 1431 857; x_wconf 89' lang='lat' dir='ltr'>eius</span> <span class='ocrx_word' id='word_1_37' title='bbox 1474 820 1780 872; x_wconf 79' lang='lat' dir='ltr'>argumentatio</span> 
     </span>
     <span class='ocr_line' id='line_1_7' title="bbox 298 895 1780 953; baseline 0.003 -14"><span class='ocrx_word' id='word_1_38' title='bbox 298 895 468 953; x_wconf 79' lang='lat' dir='ltr'>flagitat,</span> <span class='ocrx_word' id='word_1_39' title='bbox 516 902 562 940; x_wconf 89' lang='lat' dir='ltr'>ut</span> <span class='ocrx_word' id='word_1_40' title='bbox 604 912 701 940; x_wconf 89' lang='lat' dir='ltr'>eum</span> <span class='ocrx_word' id='word_1_41' title='bbox 744 899 928 940; x_wconf 90' lang='lat' dir='ltr'>Asinum</span> <span class='ocrx_word' id='word_1_42' title='bbox 971 911 1046 953; x_wconf 90' lang='lat' dir='ltr'>pro</span> <span class='ocrx_word' id='word_1_43' title='bbox 1089 902 1284 953; x_wconf 86' lang='lat' dir='ltr'>excerpto</span> <span class='ocrx_word' id='word_1_44' title='bbox 1322 899 1519 942; x_wconf 76' lang='lat' dir='ltr'>habuisse</span> <span class='ocrx_word' id='word_1_45' title='bbox 1551 914 1780 944; x_wconf 85' lang='lat' dir='ltr'>sumamus.</span> 
     </span>
     <span class='ocr_line' id='line_1_8' title="bbox 298 982 1773 1038; baseline 0.001 -14"><span class='ocrx_word' id='word_1_46' title='bbox 298 982 402 1032; x_wconf 82' lang='lat' dir='ltr'>Quis</span> <span class='ocrx_word' id='word_1_47' title='bbox 435 983 583 1024; x_wconf 89' lang='lat' dir='ltr'>deinde</span> <span class='ocrx_word' id='word_1_48' title='bbox 615 983 797 1024; x_wconf 80' lang='lat' dir='ltr'>Graecae</span> <span class='ocrx_word' id='word_1_49' title='bbox 828 983 999 1037; x_wconf 78' lang='lat' dir='ltr'>linguae</span> <span class='ocrx_word' id='word_1_50' title='bbox 1030 983 1190 1037; x_wconf 86' lang='lat' dir='ltr'>peritus</span> <span class='ocrx_word' id='word_1_51' title='bbox 1224 996 1428 1037; x_wconf 84' lang='lat' dir='ltr'>umquam</span> <span class='ocrx_word' id='word_1_52' title='bbox 1457 983 1507 1024; x_wconf 91' lang='lat' dir='ltr'>ad</span> <span class='ocrx_word' id='word_1_53' title='bbox 1534 985 1773 1038; x_wconf 88' lang='lat' dir='ltr'>paroediam</span> 
     </span>
     <span class='ocr_line' id='line_1_9' title="bbox 299 1064 1780 1121; baseline 0.001 -14"><span class='ocrx_word' id='word_1_54' title='bbox 299 1067 600 1121; x_wconf 83' lang='lat' dir='ltr'>designandam</span> <span class='ocrx_word' id='word_1_55' title='bbox 645 1066 796 1120; x_wconf 83' lang='lat' dir='ltr'>verbis,</span> <span class='ocrx_word' id='word_1_56' title='bbox 839 1066 979 1120; x_wconf 90' lang='lat' dir='ltr'>qualia</span> <span class='ocrx_word' id='word_1_57' title='bbox 1022 1069 1121 1107; x_wconf 90' lang='lat' dir='ltr'>sunt</span> <span class='ocrx_word' id='word_1_58' title='bbox 1165 1064 1437 1118; x_wconf 70' lang='grc' dir='ltr'><em>μεταγράφειν</em></span> <span class='ocrx_word' id='word_1_59' title='bbox 1478 1070 1517 1108; x_wconf 87' lang='lat' dir='ltr'>et</span> <span class='ocrx_word' id='word_1_60' title='bbox 1560 1067 1602 1108; x_wconf 84' lang='grc' dir='ltr'>τὸ</span> <span class='ocrx_word' id='word_1_61' title='bbox 1643 1068 1780 1109; x_wconf 85' lang='grc' dir='ltr'><em>ἐκεῖθεν</em></span> 
     </span>
     <span class='ocr_line' id='line_1_10' title="bbox 298 1149 1780 1205; baseline 0.002 -15"><span class='ocrx_word' id='word_1_62' title='bbox 298 1149 542 1198; x_wconf 66' lang='grc' dir='ltr'><em>ὑποσυληθέν,</em></span> <span class='ocrx_word' id='word_1_63' title='bbox 592 1164 696 1192; x_wconf 89' lang='lat' dir='ltr'>usus</span> <span class='ocrx_word' id='word_1_64' title='bbox 738 1150 833 1192; x_wconf 77' lang='lat' dir='ltr'>est?</span> <span class='ocrx_word' id='word_1_65' title='bbox 877 1150 1026 1204; x_wconf 86' lang='lat' dir='ltr'>Neque</span> <span class='ocrx_word' id='word_1_66' title='bbox 1069 1150 1243 1191; x_wconf 86' lang='lat' dir='ltr'>Photius</span> <span class='ocrx_word' id='word_1_67' title='bbox 1277 1151 1443 1205; x_wconf 83' lang='lat' dir='ltr'>scripsit</span> <span class='ocrx_word' id='word_1_68' title='bbox 1479 1149 1686 1203; x_wconf 57' lang='grc' dir='ltr'><em>»διασύρων</em></span> <span class='ocrx_word' id='word_1_69' title='bbox 1717 1151 1780 1193; x_wconf 83' lang='grc' dir='ltr'>τὸν</span> 
     </span>
     <span class='ocr_line' id='line_1_11' title="bbox 299 1233 1779 1287; baseline 0.001 -12"><span class='ocrx_word' id='word_1_70' title='bbox 299 1233 458 1276; x_wconf 81' lang='grc' dir='ltr'><em>Λούκιον</em></span> <span class='ocrx_word' id='word_1_71' title='bbox 471 1237 559 1277; x_wconf 83' lang='lat' dir='ltr'>Sive</span> <span class='ocrx_word' id='word_1_72' title='bbox 572 1234 751 1287; x_wconf 80' lang='grc' dir='ltr'><em>διασύρων</em></span> <span class='ocrx_word' id='word_1_73' title='bbox 768 1233 842 1281; x_wconf 74' lang='grc' dir='ltr'><em>τας</em></span> <span class='ocrx_word' id='word_1_74' title='bbox 856 1234 1016 1275; x_wconf 81' lang='grc' dir='ltr'><em>Λουκίου</em></span> <span class='ocrx_word' id='word_1_75' title='bbox 1034 1234 1356 1286; x_wconf 77' lang='grc' dir='ltr'><em>μεταμορφώσεις</em></span> <span class='ocrx_word' id='word_1_76' title='bbox 1374 1236 1503 1276; x_wconf 80' lang='grc' dir='ltr'><em>τοῦτον</em></span> <span class='ocrx_word' id='word_1_77' title='bbox 1521 1234 1779 1276; x_wconf 86' lang='grc' dir='ltr'><em>συνέταττεν”</em></span> 
     </span>
     <span class='ocr_line' id='line_1_12' title="bbox 299 1317 1776 1373; baseline 0.001 -14"><span class='ocrx_word' id='word_1_78' title='bbox 299 1319 373 1360; x_wconf 88' lang='lat' dir='ltr'>sed</span> <span class='ocrx_word' id='word_1_79' title='bbox 411 1318 616 1372; x_wconf 62' lang='grc' dir='ltr'>ηδιασύρων</span> <span class='ocrx_word' id='word_1_80' title='bbox 649 1318 717 1365; x_wconf 65' lang='grc' dir='ltr'>τὴν</span> <span class='ocrx_word' id='word_1_81' title='bbox 746 1317 975 1366; x_wconf 65' lang='grc' dir='ltr'><em>Ἑλληνικὴν</em></span> <span class='ocrx_word' id='word_1_82' title='bbox 1003 1318 1338 1371; x_wconf 82' lang='grc' dir='ltr'><em>δεισιδαιμονίαν”,</em></span> <span class='ocrx_word' id='word_1_83' title='bbox 1359 1332 1466 1373; x_wconf 88' lang='lat' dir='ltr'>quae</span> <span class='ocrx_word' id='word_1_84' title='bbox 1483 1319 1632 1360; x_wconf 87' lang='lat' dir='ltr'>ultima</span> <span class='ocrx_word' id='word_1_85' title='bbox 1650 1319 1776 1361; x_wconf 84' lang='lat' dir='ltr'>verba</span> 
     </span>
     <span class='ocr_line' id='line_1_13' title="bbox 301 1403 1775 1458; baseline 0.001 -15"><span class='ocrx_word' id='word_1_86' title='bbox 301 1406 445 1444; x_wconf 86' lang='lat' dir='ltr'>utrum</span> <span class='ocrx_word' id='word_1_87' title='bbox 490 1403 540 1444; x_wconf 91' lang='lat' dir='ltr'>ad</span> <span class='ocrx_word' id='word_1_88' title='bbox 590 1404 807 1445; x_wconf 84' lang='lat' dir='ltr'>veritatem</span> <span class='ocrx_word' id='word_1_89' title='bbox 856 1405 941 1444; x_wconf 86' lang='lat' dir='ltr'>sint</span> <span class='ocrx_word' id='word_1_90' title='bbox 989 1415 1188 1457; x_wconf 81' lang='lat' dir='ltr'>expressa</span> <span class='ocrx_word' id='word_1_91' title='bbox 1231 1415 1372 1453; x_wconf 86' lang='lat' dir='ltr'>necne,</span> <span class='ocrx_word' id='word_1_92' title='bbox 1414 1416 1468 1445; x_wconf 79' lang='lat' dir='ltr'>ex</span> <span class='ocrx_word' id='word_1_93' title='bbox 1509 1405 1600 1458; x_wconf 90' lang='lat' dir='ltr'>ipso</span> <span class='ocrx_word' id='word_1_94' title='bbox 1642 1404 1775 1445; x_wconf 88' lang='lat' dir='ltr'>Asino</span> 
     </span>
     <span class='ocr_line' id='line_1_14' title="bbox 302 1487 659 1542; baseline 0 -15"><span class='ocrx_word' id='word_1_95' title='bbox 302 1500 403 1528; x_wconf 76' lang='lat' dir='ltr'>mox</span> <span class='ocrx_word' id='word_1_96' title='bbox 435 1487 659 1542; x_wconf 84' lang='lat' dir='ltr'>apparebit.</span> 
     </span>
    </p>

    <p class='ocr_par' dir='ltr' id='par_1_4' title="bbox 296 1570 1779 2876">
     <span class='ocr_line' id='line_1_15' title="bbox 358 1570 1777 1613; baseline 0.002 -3"><span class='ocrx_word' id='word_1_97' title='bbox 358 1570 406 1611; x_wconf 85' lang='lat' dir='ltr'>V.</span> <span class='ocrx_word' id='word_1_98' title='bbox 426 1571 474 1611; x_wconf 85' lang='lat' dir='ltr'>cl.</span> <span class='ocrx_word' id='word_1_99' title='bbox 516 1570 714 1612; x_wconf 84' lang='lat' dir='ltr'>Rohdeus</span> <span class='ocrx_word' id='word_1_100' title='bbox 756 1573 896 1612; x_wconf 88' lang='lat' dir='ltr'>tamen</span> <span class='ocrx_word' id='word_1_101' title='bbox 938 1570 1133 1612; x_wconf 89' lang='lat' dir='ltr'>Photium</span> <span class='ocrx_word' id='word_1_102' title='bbox 1171 1570 1221 1612; x_wconf 91' lang='lat' dir='ltr'>de</span> <span class='ocrx_word' id='word_1_103' title='bbox 1253 1571 1380 1612; x_wconf 87' lang='lat' dir='ltr'>satira</span> <span class='ocrx_word' id='word_1_104' title='bbox 1410 1572 1454 1611; x_wconf 92' lang='lat' dir='ltr'>in</span> <span class='ocrx_word' id='word_1_105' title='bbox 1485 1570 1666 1613; x_wconf 89' lang='lat' dir='ltr'>Lucium</span> <span class='ocrx_word' id='word_1_106' title='bbox 1698 1571 1777 1613; x_wconf 88' lang='lat' dir='ltr'>Pa-</span> 
     </span>
     <span class='ocr_line' id='line_1_16' title="bbox 298 1654 1774 1708; baseline 0.002 -13"><span class='ocrx_word' id='word_1_107' title='bbox 298 1657 481 1696; x_wconf 88' lang='lat' dir='ltr'>trensem</span> <span class='ocrx_word' id='word_1_108' title='bbox 530 1655 719 1696; x_wconf 87' lang='lat' dir='ltr'>locutum</span> <span class='ocrx_word' id='word_1_109' title='bbox 763 1667 855 1696; x_wconf 89' lang='lat' dir='ltr'>esse</span> <span class='ocrx_word' id='word_1_110' title='bbox 897 1655 1092 1708; x_wconf 84' lang='lat' dir='ltr'>opinatus</span> <span class='ocrx_word' id='word_1_111' title='bbox 1134 1656 1258 1696; x_wconf 91' lang='lat' dir='ltr'>etiam</span> <span class='ocrx_word' id='word_1_112' title='bbox 1300 1655 1344 1695; x_wconf 89' lang='lat' dir='ltr'>in</span> <span class='ocrx_word' id='word_1_113' title='bbox 1387 1655 1521 1696; x_wconf 90' lang='lat' dir='ltr'>Asino</span> <span class='ocrx_word' id='word_1_114' title='bbox 1563 1654 1774 1698; x_wconf 86' lang='lat' dir='ltr'>Lucianeo</span> 
     </span>
     <span class='ocr_line' id='line_1_17' title="bbox 297 1738 1777 1794; baseline 0.001 -16"><span class='ocrx_word' id='word_1_115' title='bbox 297 1738 426 1779; x_wconf 91' lang='lat' dir='ltr'>huius</span> <span class='ocrx_word' id='word_1_116' title='bbox 468 1738 662 1792; x_wconf 87' lang='lat' dir='ltr'>parodiae</span> <span class='ocrx_word' id='word_1_117' title='bbox 696 1739 869 1792; x_wconf 89' lang='lat' dir='ltr'>vestigia</span> <span class='ocrx_word' id='word_1_118' title='bbox 902 1738 1121 1794; x_wconf 80' lang='lat' dir='ltr'>quaesivit.</span> <span class='ocrx_word' id='word_1_119' title='bbox 1156 1738 1236 1779; x_wconf 83' lang='lat' dir='ltr'>Sed</span> <span class='ocrx_word' id='word_1_120' title='bbox 1271 1741 1494 1793; x_wconf 85' lang='lat' dir='ltr'>antequam</span> <span class='ocrx_word' id='word_1_121' title='bbox 1529 1739 1777 1794; x_wconf 83' lang='lat' dir='ltr'>disputatio-</span> 
     </span>
     <span class='ocr_line' id='line_1_18' title="bbox 298 1820 1778 1875; baseline 0.001 -14"><span class='ocrx_word' id='word_1_122' title='bbox 298 1832 394 1861; x_wconf 87' lang='lat' dir='ltr'>nem</span> <span class='ocrx_word' id='word_1_123' title='bbox 439 1820 554 1862; x_wconf 87' lang='lat' dir='ltr'>illius</span> <span class='ocrx_word' id='word_1_124' title='bbox 601 1821 679 1861; x_wconf 88' lang='lat' dir='ltr'>viri</span> <span class='ocrx_word' id='word_1_125' title='bbox 722 1821 832 1861; x_wconf 91' lang='lat' dir='ltr'>docti</span> <span class='ocrx_word' id='word_1_126' title='bbox 874 1821 1086 1875; x_wconf 78' lang='lat' dir='ltr'>inspicias,</span> <span class='ocrx_word' id='word_1_127' title='bbox 1128 1820 1269 1874; x_wconf 88' lang='lat' dir='ltr'>lector,</span> <span class='ocrx_word' id='word_1_128' title='bbox 1311 1824 1356 1862; x_wconf 87' lang='lat' dir='ltr'>ut</span> <span class='ocrx_word' id='word_1_129' title='bbox 1403 1820 1535 1863; x_wconf 89' lang='lat' dir='ltr'>Veras</span> <span class='ocrx_word' id='word_1_130' title='bbox 1568 1821 1778 1864; x_wconf 88' lang='lat' dir='ltr'>Historias</span> 
     </span>
     <span class='ocr_line' id='line_1_19' title="bbox 297 1903 1776 1958; baseline 0.001 -13"><span class='ocrx_word' id='word_1_131' title='bbox 297 1904 487 1958; x_wconf 82' lang='lat' dir='ltr'>perlegas</span> <span class='ocrx_word' id='word_1_132' title='bbox 534 1908 573 1945; x_wconf 86' lang='lat' dir='ltr'>et</span> <span class='ocrx_word' id='word_1_133' title='bbox 619 1903 669 1945; x_wconf 87' lang='lat' dir='ltr'>ab</span> <span class='ocrx_word' id='word_1_134' title='bbox 710 1904 782 1945; x_wconf 90' lang='lat' dir='ltr'>illo</span> <span class='ocrx_word' id='word_1_135' title='bbox 824 1904 929 1945; x_wconf 85' lang='lat' dir='ltr'>libro</span> <span class='ocrx_word' id='word_1_136' title='bbox 972 1917 1117 1945; x_wconf 89' lang='lat' dir='ltr'>recens</span> <span class='ocrx_word' id='word_1_137' title='bbox 1160 1904 1211 1944; x_wconf 89' lang='lat' dir='ltr'>ad</span> <span class='ocrx_word' id='word_1_138' title='bbox 1253 1904 1435 1945; x_wconf 91' lang='lat' dir='ltr'>Asinum</span> <span class='ocrx_word' id='word_1_139' title='bbox 1468 1907 1668 1958; x_wconf 87' lang='lat' dir='ltr'>transeas,</span> <span class='ocrx_word' id='word_1_140' title='bbox 1701 1904 1776 1946; x_wconf 86' lang='lat' dir='ltr'>tibi</span> 
     </span>
     <span class='ocr_line' id='line_1_20' title="bbox 299 1987 1779 2043; baseline 0.001 -16"><span class='ocrx_word' id='word_1_141' title='bbox 299 1987 466 2028; x_wconf 90' lang='lat' dir='ltr'>suadeo.</span> <span class='ocrx_word' id='word_1_142' title='bbox 508 1987 641 2028; x_wconf 90' lang='lat' dir='ltr'>Nemo</span> <span class='ocrx_word' id='word_1_143' title='bbox 684 1987 883 2042; x_wconf 87' lang='lat' dir='ltr'>profecto,</span> <span class='ocrx_word' id='word_1_144' title='bbox 921 1989 1004 2028; x_wconf 89' lang='lat' dir='ltr'>nisi</span> <span class='ocrx_word' id='word_1_145' title='bbox 1035 1990 1337 2042; x_wconf 89' lang='lat' dir='ltr'>praeconcepta</span> <span class='ocrx_word' id='word_1_146' title='bbox 1370 1988 1565 2042; x_wconf 90' lang='lat' dir='ltr'>opinione</span> <span class='ocrx_word' id='word_1_147' title='bbox 1597 1991 1779 2043; x_wconf 87' lang='lat' dir='ltr'>regatur,</span> 
     </span>
     <span class='ocr_line' id='line_1_21' title="bbox 299 2071 1776 2126; baseline 0.001 -15"><span class='ocrx_word' id='word_1_148' title='bbox 299 2084 383 2111; x_wconf 91' lang='lat' dir='ltr'>non</span> <span class='ocrx_word' id='word_1_149' title='bbox 431 2071 588 2112; x_wconf 88' lang='lat' dir='ltr'>videbit</span> <span class='ocrx_word' id='word_1_150' title='bbox 629 2072 812 2112; x_wconf 89' lang='lat' dir='ltr'>Asinum</span> <span class='ocrx_word' id='word_1_151' title='bbox 855 2084 946 2113; x_wconf 88' lang='lat' dir='ltr'>esse</span> <span class='ocrx_word' id='word_1_152' title='bbox 985 2071 1166 2126; x_wconf 90' lang='lat' dir='ltr'>lepidam</span> <span class='ocrx_word' id='word_1_153' title='bbox 1207 2071 1404 2124; x_wconf 84' lang='lat' dir='ltr'>fabulam,</span> <span class='ocrx_word' id='word_1_154' title='bbox 1445 2072 1490 2111; x_wconf 90' lang='lat' dir='ltr'>in</span> <span class='ocrx_word' id='word_1_155' title='bbox 1524 2085 1606 2125; x_wconf 87' lang='lat' dir='ltr'>qua</span> <span class='ocrx_word' id='word_1_156' title='bbox 1639 2084 1776 2126; x_wconf 90' lang='lat' dir='ltr'>neque</span> 
     </span>
     <span class='ocr_line' id='line_1_22' title="bbox 298 2153 1774 2209; baseline 0.001 -15"><span class='ocrx_word' id='word_1_157' title='bbox 298 2154 563 2209; x_wconf 87' lang='lat' dir='ltr'>fabulatores,</span> <span class='ocrx_word' id='word_1_158' title='bbox 606 2167 744 2209; x_wconf 90' lang='lat' dir='ltr'>neque</span> <span class='ocrx_word' id='word_1_159' title='bbox 787 2154 993 2195; x_wconf 84' lang='lat' dir='ltr'>mirabilia</span> <span class='ocrx_word' id='word_1_160' title='bbox 1025 2167 1163 2208; x_wconf 91' lang='lat' dir='ltr'>neque</span> <span class='ocrx_word' id='word_1_161' title='bbox 1196 2154 1437 2208; x_wconf 87' lang='lat' dir='ltr'>superstitio</span> <span class='ocrx_word' id='word_1_162' title='bbox 1469 2155 1513 2194; x_wconf 93' lang='lat' dir='ltr'>in</span> <span class='ocrx_word' id='word_1_163' title='bbox 1544 2153 1774 2195; x_wconf 90' lang='lat' dir='ltr'>ludibrium</span> 
     </span>
     <span class='ocr_line' id='line_1_23' title="bbox 299 2237 1777 2292; baseline 0.001 -15"><span class='ocrx_word' id='word_1_164' title='bbox 299 2241 513 2278; x_wconf 86' lang='lat' dir='ltr'>vocentur.</span> <span class='ocrx_word' id='word_1_165' title='bbox 562 2237 676 2278; x_wconf 89' lang='lat' dir='ltr'>Nihil</span> <span class='ocrx_word' id='word_1_166' title='bbox 718 2238 895 2292; x_wconf 86' lang='lat' dir='ltr'>scriptor</span> <span class='ocrx_word' id='word_1_167' title='bbox 933 2238 1014 2279; x_wconf 89' lang='lat' dir='ltr'>nisi</span> <span class='ocrx_word' id='word_1_168' title='bbox 1042 2238 1227 2291; x_wconf 90' lang='lat' dir='ltr'>jocosam</span> <span class='ocrx_word' id='word_1_169' title='bbox 1261 2237 1540 2278; x_wconf 85' lang='lat' dir='ltr'>narrationem</span> <span class='ocrx_word' id='word_1_170' title='bbox 1573 2238 1777 2291; x_wconf 86' lang='lat' dir='ltr'>spectavit</span> 
     </span>
     <span class='ocr_line' id='line_1_24' title="bbox 299 2320 1778 2376; baseline 0 -15"><span class='ocrx_word' id='word_1_171' title='bbox 299 2324 338 2362; x_wconf 91' lang='lat' dir='ltr'>et</span> <span class='ocrx_word' id='word_1_172' title='bbox 378 2321 450 2362; x_wconf 83' lang='lat' dir='ltr'>illa</span> <span class='ocrx_word' id='word_1_173' title='bbox 482 2320 602 2362; x_wconf 89' lang='lat' dir='ltr'>Lucii</span> <span class='ocrx_word' id='word_1_174' title='bbox 633 2321 1000 2376; x_wconf 83' lang='lat' dir='ltr'>transfiguratione</span> <span class='ocrx_word' id='word_1_175' title='bbox 1031 2324 1249 2376; x_wconf 87' lang='lat' dir='ltr'>propterea</span> <span class='ocrx_word' id='word_1_176' title='bbox 1280 2334 1385 2362; x_wconf 92' lang='lat' dir='ltr'>usus</span> <span class='ocrx_word' id='word_1_177' title='bbox 1418 2323 1490 2374; x_wconf 88' lang='lat' dir='ltr'>est,</span> <span class='ocrx_word' id='word_1_178' title='bbox 1524 2322 1623 2375; x_wconf 89' lang='lat' dir='ltr'>quia</span> <span class='ocrx_word' id='word_1_179' title='bbox 1653 2334 1778 2375; x_wconf 88' lang='lat' dir='ltr'>argu-</span> 
     </span>
     <span class='ocr_line' id='line_1_25' title="bbox 299 2404 1777 2460; baseline 0.001 -15"><span class='ocrx_word' id='word_1_180' title='bbox 299 2408 488 2446; x_wconf 89' lang='lat' dir='ltr'>mentum</span> <span class='ocrx_word' id='word_1_181' title='bbox 520 2405 686 2447; x_wconf 86' lang='lat' dir='ltr'>fabulae</span> <span class='ocrx_word' id='word_1_182' title='bbox 718 2407 808 2447; x_wconf 88' lang='lat' dir='ltr'>sine</span> <span class='ocrx_word' id='word_1_183' title='bbox 840 2419 887 2446; x_wconf 89' lang='lat' dir='ltr'>ea</span> <span class='ocrx_word' id='word_1_184' title='bbox 915 2409 1023 2447; x_wconf 88' lang='lat' dir='ltr'>stare</span> <span class='ocrx_word' id='word_1_185' title='bbox 1049 2418 1133 2446; x_wconf 89' lang='lat' dir='ltr'>non</span> <span class='ocrx_word' id='word_1_186' title='bbox 1161 2408 1332 2460; x_wconf 87' lang='lat' dir='ltr'>poterat.</span> <span class='ocrx_word' id='word_1_187' title='bbox 1359 2404 1409 2445; x_wconf 88' lang='lat' dir='ltr'>In</span> <span class='ocrx_word' id='word_1_188' title='bbox 1436 2404 1560 2446; x_wconf 86' lang='lat' dir='ltr'>Veris</span> <span class='ocrx_word' id='word_1_189' title='bbox 1576 2404 1777 2446; x_wconf 84' lang='lat' dir='ltr'>Historiis</span> 
     </span>
     <span class='ocr_line' id='line_1_26' title="bbox 298 2488 1778 2543; baseline 0.001 -15"><span class='ocrx_word' id='word_1_190' title='bbox 298 2490 438 2529; x_wconf 87' lang='lat' dir='ltr'>tamen</span> <span class='ocrx_word' id='word_1_191' title='bbox 486 2502 568 2529; x_wconf 90' lang='lat' dir='ltr'>non</span> <span class='ocrx_word' id='word_1_192' title='bbox 613 2490 791 2543; x_wconf 78' lang='lat' dir='ltr'>simplex</span> <span class='ocrx_word' id='word_1_193' title='bbox 833 2489 982 2530; x_wconf 89' lang='lat' dir='ltr'>fabella</span> <span class='ocrx_word' id='word_1_194' title='bbox 1019 2492 1223 2542; x_wconf 89' lang='lat' dir='ltr'>narratur,</span> <span class='ocrx_word' id='word_1_195' title='bbox 1256 2489 1329 2530; x_wconf 91' lang='lat' dir='ltr'>sed</span> <span class='ocrx_word' id='word_1_196' title='bbox 1362 2489 1539 2543; x_wconf 85' lang='lat' dir='ltr'>scriptor</span> <span class='ocrx_word' id='word_1_197' title='bbox 1571 2488 1778 2530; x_wconf 89' lang='lat' dir='ltr'>mirabilia</span> 
     </span>
     <span class='ocr_line' id='line_1_27' title="bbox 298 2572 1775 2628; baseline 0.001 -17"><span class='ocrx_word' id='word_1_198' title='bbox 298 2572 597 2626; x_wconf 84' lang='lat' dir='ltr'>undecumque</span> <span class='ocrx_word' id='word_1_199' title='bbox 645 2586 811 2614; x_wconf 88' lang='lat' dir='ltr'>corrasa</span> <span class='ocrx_word' id='word_1_200' title='bbox 842 2587 927 2614; x_wconf 90' lang='lat' dir='ltr'>uno</span> <span class='ocrx_word' id='word_1_201' title='bbox 960 2574 1131 2614; x_wconf 77' lang='lat' dir='ltr'>vinculo</span> <span class='ocrx_word' id='word_1_202' title='bbox 1166 2573 1380 2628; x_wconf 87' lang='lat' dir='ltr'>copulavit</span> <span class='ocrx_word' id='word_1_203' title='bbox 1411 2576 1451 2613; x_wconf 88' lang='lat' dir='ltr'>et</span> <span class='ocrx_word' id='word_1_204' title='bbox 1483 2572 1775 2627; x_wconf 76' lang='lat' dir='ltr'>exaggerando</span> 
     </span>
     <span class='ocr_line' id='line_1_28' title="bbox 296 2655 1776 2711; baseline 0.001 -16"><span class='ocrx_word' id='word_1_205' title='bbox 296 2655 341 2695; x_wconf 90' lang='lat' dir='ltr'>in</span> <span class='ocrx_word' id='word_1_206' title='bbox 387 2656 613 2697; x_wconf 86' lang='lat' dir='ltr'>ridiculum</span> <span class='ocrx_word' id='word_1_207' title='bbox 663 2657 844 2698; x_wconf 86' lang='lat' dir='ltr'>detorsit.</span> <span class='ocrx_word' id='word_1_208' title='bbox 894 2656 985 2706; x_wconf 83' lang='lat' dir='ltr'>Qua</span> <span class='ocrx_word' id='word_1_209' title='bbox 1032 2670 1075 2698; x_wconf 91' lang='lat' dir='ltr'>re</span> <span class='ocrx_word' id='word_1_210' title='bbox 1124 2661 1338 2711; x_wconf 80' lang='lat' dir='ltr'>perspecta</span> <span class='ocrx_word' id='word_1_211' title='bbox 1385 2657 1620 2710; x_wconf 85' lang='lat' dir='ltr'>audiamus,</span> <span class='ocrx_word' id='word_1_212' title='bbox 1669 2669 1776 2710; x_wconf 90' lang='lat' dir='ltr'>quae</span> 
     </span>
     <span class='ocr_line' id='line_1_29' title="bbox 297 2738 1776 2795; baseline 0.002 -16"><span class='ocrx_word' id='word_1_213' title='bbox 297 2738 510 2789; x_wconf 84' lang='lat' dir='ltr'>Rohdeus,</span> <span class='ocrx_word' id='word_1_214' title='bbox 544 2744 589 2781; x_wconf 89' lang='lat' dir='ltr'>ut</span> <span class='ocrx_word' id='word_1_215' title='bbox 621 2742 835 2782; x_wconf 85' lang='lat' dir='ltr'>satiricam</span> <span class='ocrx_word' id='word_1_216' title='bbox 868 2742 989 2782; x_wconf 88' lang='lat' dir='ltr'>Asini</span> <span class='ocrx_word' id='word_1_217' title='bbox 1020 2741 1203 2783; x_wconf 89' lang='lat' dir='ltr'>indolem</span> <span class='ocrx_word' id='word_1_218' title='bbox 1237 2741 1485 2795; x_wconf 84' lang='lat' dir='ltr'>ostenderet,</span> <span class='ocrx_word' id='word_1_219' title='bbox 1516 2742 1559 2781; x_wconf 92' lang='lat' dir='ltr'>in</span> <span class='ocrx_word' id='word_1_220' title='bbox 1591 2741 1776 2782; x_wconf 89' lang='lat' dir='ltr'>medium</span> 
     </span>
     <span class='ocr_line' id='line_1_30' title="bbox 301 2823 532 2876; baseline 0.009 -14"><span class='ocrx_word' id='word_1_221' title='bbox 301 2823 532 2876; x_wconf 85' lang='lat' dir='ltr'>protulerit.</span> 
     </span>
    </p>
   </div>
  </div>
 </body>
</html>
