1934 3334
863 303 886 341 5

137 442 450 485 laudationibus
503 442 806 496 comparandus
863 443 925 483 est
971 441 1087 495 liber,
1141 440 1487 493 „Characteristik
1541 442 1614 484 des

135 525 358 579 Lucians’',
403 539 426 566 a
467 538 504 565 v.
523 525 559 565 d.
605 524 808 576 Jacob01)
857 537 967 565 anno
1018 525 1129 565 1832
1180 525 1329 578 editus,
1381 526 1453 579 qui
1486 527 1617 566 totius

135 609 347 663 scriptoris
394 609 617 662 imaginem
666 607 744 648 sibi
793 607 1081 648 delineandam
1130 609 1324 662 suscepit.
1374 607 1509 657 Quam
1558 608 1609 649 ob

135 705 305 733 causam
363 704 458 732 cum
513 691 624 731 haud
672 704 801 745 parva
846 691 970 731 laude
1018 691 1173 745 dignus
1222 691 1426 746 videatur,
1472 695 1613 733 tamen

133 774 428 817 communibus
475 775 715 828 implicatus
769 778 831 816 est
878 774 1102 828 erroribus,
1150 776 1224 829 qui
1271 777 1380 816 circa
1430 776 1615 817 medium

132 863 322 900 nostrum
356 871 504 899 aevum
533 859 723 899 homines
758 858 1054 912 impediebant,
1083 859 1310 912 quominus
1336 872 1431 900 cum
1452 859 1610 900 Graeco

131 955 290 997 graece,
323 955 419 998 cum
448 942 584 996 lepido
613 941 798 982 Luciano
823 943 965 995 ι100030
992 942 1146 982 sentire
1173 946 1357 996 possent.
1384 941 1612 997 Lucianus,

134 1030 180 1067 ut
220 1026 331 1080 apud
364 1024 570 1066 Jacobum
605 1024 865 1078 describitur,
898 1037 981 1065 non
1014 1025 1195 1079 amplius
1228 1028 1291 1066 est
1323 1029 1530 1067 venustus
1565 1039 1612 1067 ac

133 1110 256 1151 dicax
298 1113 457 1164 spretor
498 1121 671 1163 graecae
708 1109 1033 1163 superstitionis,
1078 1109 1148 1150 sed
1192 1121 1364 1150 severus
1397 1113 1437 1150 et
1468 1112 1609 1164 gravis

131 1194 268 1235 factus
315 1197 376 1235 est
425 1192 671 1246 Germanus,
720 1193 793 1247 qui
834 1193 939 1232 nihil
980 1193 1199 1246 antiquius
1248 1192 1372 1233 habet
1405 1206 1529 1247 quam
1563 1197 1609 1234 ut

130 1279 307 1333 patriam
339 1279 531 1318 omnium
565 1278 719 1317 civium
754 1279 967 1330 parentem
1002 1289 1097 1317 cum
1130 1276 1330 1330 religione
1358 1276 1475 1329 colat,
1494 1290 1610 1318 suos-

131 1374 213 1416 que
253 1362 367 1402 cives
398 1361 450 1402 ad
483 1360 739 1415 reipublicae
771 1361 959 1413 virtutes,
993 1359 1149 1414 quibus
1184 1360 1361 1413 majores
1396 1361 1606 1402 civitatem

130 1448 345 1492 auxerant,
378 1445 630 1486 adhortetur.

186 1529 287 1570 Post
331 1527 535 1569 Jacobum
568 1529 649 1568 viri
683 1528 793 1568 docti
823 1529 867 1567 in
900 1528 1065 1568 diversa
1099 1526 1292 1568 abierunt
1326 1530 1470 1568 castra.
1503 1527 1608 1568 Pars

127 1613 433 1667 philologorum
477 1625 677 1666 magnum
721 1612 907 1652 studium
955 1612 993 1652 ei
1026 1612 1084 1652 rei
1117 1611 1427 1665 impenderunt,
1458 1615 1505 1652 ut
1532 1613 1606 1666 qui

128 1696 291 1737 codices
323 1697 595 1750 manuscripti
627 1695 708 1736 fide
742 1696 868 1749 digni,
898 1696 971 1749 qui
998 1694 1221 1748 abjiciendi
1240 1698 1395 1747 essent,
1415 1699 1609 1736 accurate

126 1781 438 1835 investigarent,
480 1792 562 1833 quo
605 1779 695 1819 1000
738 1778 990 1819 Franciscus
1034 1778 1290 1819 Fritzschius
1318 1780 1346 1830 1)
1389 1782 1429 1819 01
1460 1777 1603 1820 Julius

128 1861 511 1903 Sommerbrodtius
530 1861 557 1914 1)
591 1863 714 1916 primi
747 1864 846 1902 sunt
878 1861 1136 1902 nominandi.

192 1945 284 1998 Alii,
325 1946 434 1986 inter
477 1958 582 1999 quos
626 1944 806 1986 Cobetus
837 1943 867 1997 1)
911 1946 1088 1999 eiusque
1135 1945 1330 1999 discipuli
1350 1945 1382 1998 l)
1429 1945 1605 1987 excelle-

127 2028 240 2081 bant,
272 2029 514 2082 scriptorem
547 2029 842 2069 insulsissimis
877 2029 1039 2069 mendis
1071 2028 1315 2082 liberarunt,
1346 2032 1386 2070 et
1414 2029 1605 2083 linguam

129 2112 293 2166 qualem
326 2113 369 2152 in
403 2111 619 2152 codicibus
652 2113 904 2165 invenimus,
939 2113 1071 2166 magis
1104 2112 1269 2152 Atticae
1301 2112 1471 2152 dictioni
1502 2124 1602 2152 con-

127 2197 364 2236 venientem
396 2195 679 2236 reddiderunt.

184 2277 319 2318 Multo
376 2282 514 2319 tamen
560 2278 701 2332 plures
752 2278 831 2318 viri
878 2278 999 2331 docti,
1046 2279 1287 2332 praesertim
1336 2281 1380 2319 in
1431 2279 1600 2320 Germa-

127 2363 207 2414 nia,
254 2363 296 2402 in
348 2361 666 2416 quaestionibus
709 2361 759 2402 de
801 2362 1064 2415 singulorum
1109 2362 1310 2404 librorum
1344 2367 1530 2418 tempore
1563 2367 1603 2405 et

127 2445 300 2484 consilio
349 2445 627 2498 disceptandis
675 2444 956 2486 morabantur.
1003 2445 1224 2486 Interdum
1268 2460 1378 2488 unus
1421 2451 1460 2488 et
1498 2448 1601 2488 alter

124 2527 361 2582 philologus
413 2541 464 2569 ex
524 2528 718 2569 omnibus
764 2527 940 2569 Luciani
987 2529 1196 2583 operibus,
1243 2534 1451 2584 quotquot
1500 2533 1598 2571 sunt

126 2614 166 2651 et
217 2624 485 2666 quocumque
534 2616 718 2666 tempore
766 2613 931 2666 scripta,
977 2612 1229 2666 compilavit,
1277 2625 1384 2667 quae
1430 2613 1502 2654 ille
1549 2613 1599 2654 de

169 2798 204 2841 ’1)
230 2799 294 2832 Csr.
320 2799 416 2831 index
443 2799 606 2832 librorum
632 2800 665 2831 in
692 2799 760 2832 fine
783 2800 860 2833 diss.
