1934 3334
1004 341 1060 381 84

293 483 446 538 nippo’'
488 483 571 533 (21)
605 486 644 523 et
671 483 789 535 jocos
822 482 865 521 in
900 479 1088 534 Dialogis
1124 478 1403 532 Mortuorum,
1435 482 1606 521 tertium
1642 482 1770 523 docu-

295 571 487 609 mentum
532 568 575 606 in
614 565 865 606 Hermotimo
898 562 917 610 ἢ
952 561 1064 614 περὶ
1097 561 1335 614 αἱρέσεων
1368 564 1626 619 invenimus,
1659 566 1774 620 quod

293 651 528 692 Lucianum
575 651 619 690 in
663 649 922 703 philosophia
956 647 1264 688 contemnenda
1297 646 1484 702 Menippi
1517 648 1772 704 discipulum

292 735 423 775 fuisse
455 734 611 788 probat.
646 733 785 774 Etiam
822 733 856 773 si
885 732 998 772 tituli
1025 731 1231 771 librorum
1261 731 1388 784 (apud
1406 730 1639 773 Varronem
1661 733 1775 774 enim

294 818 405 859 idem
466 830 618 858 nomen
672 817 953 871 repperimus)
1004 828 1088 855 non
1135 819 1428 869 congruerent,
1476 828 1614 870 neque
1663 816 1776 871 apud

296 888 527 954 utrunitlue
570 900 620 940 de
662 900 742 940 viis
786 913 809 940 a
840 899 1126 953 philosophiae
1159 897 1338 938 ducibus
1371 898 1586 952 patefactis
1621 900 1778 940 mentio

296 988 405 1026 esset
437 984 570 1035 (Varr.
603 983 649 1024 fr.
685 984 768 1023 402
806 995 953 1037 „porro
987 982 1086 1023 inde
1120 982 1170 1022 ab
1206 995 1464 1036 unoquoque
1497 985 1681 1038 compito
1698 987 1779 1025 ter-

296 1082 374 1110 nae
408 1070 499 1109 viae
532 1069 740 1120 oriuntur,
773 1080 794 1108 e
829 1066 983 1120 quibus
1017 1066 1209 1120 singulae
1236 1067 1400 1107 exitum
1432 1079 1480 1107 ac
1497 1065 1606 1112 τέλος
1626 1066 1781 1108 habent

296 1154 527 1207 proprium.
555 1152 594 1191 A
621 1153 758 1206 primo
777 1152 960 1205 compito
981 1151 1215 1191 dextimam
1235 1152 1347 1191 viam
1372 1152 1512 1191 munit
1529 1150 1780 1205 Epicurus.”

298 1236 377 1276 Cfr.
425 1235 617 1276 Hermot.
667 1236 734 1287 25,
782 1235 848 1287 26,
893 1234 959 1285 27,
1003 1234 1070 1285 46,
1116 1234 1183 1284 73)
1216 1237 1353 1274 totum
1386 1233 1481 1274 libri
1515 1236 1779 1289 propositum

298 1318 504 1372 Cynicam
552 1319 757 1373 originem
804 1318 1015 1358 clamaret.
1060 1317 1168 1357 Nam
1204 1318 1398 1358 omnium
1435 1321 1643 1360 sectarum
1677 1319 1781 1373 phy-

298 1404 384 1443 sica
426 1406 465 1443 et
506 1402 641 1456 logica
684 1401 872 1442 doctrina
916 1401 1212 1453 contemnitur,
1240 1400 1426 1455 probitas
1459 1414 1570 1454 vero,
1606 1414 1713 1455 quae
1744 1402 1781 1442 ἐν

298 1486 349 1537 τῷ
398 1485 527 1526 δίκαια
575 1484 640 1525 καὶ
690 1484 797 1536 σοφοὶ
844 1483 909 1524 καὶ
962 1483 1116 1535 οὲνδρεῖα
1160 1476 1339 1535 πράττειν
1383 1497 1426 1526 se
1469 1485 1662 1539 ostendit,
1694 1485 1782 1526 sola

297 1571 507 1623 laudatur,
535 1571 604 1622 (79
638 1574 677 1610 et
710 1570 779 1621 83)
809 1582 991 1622 quocum
1022 1570 1186 1622 optime
1216 1570 1424 1622 convenit,
1443 1569 1554 1623 quod
1572 1568 1782 1624 Diogenes

299 1654 490 1695 Laertius
539 1653 610 1693 VI.
662 1654 742 1693 103
791 1653 841 1694 de
890 1651 1058 1705 Cynicis
1100 1652 1246 1693 tradit:
1281 1651 1438 1703 οέρεσκεῖ
1465 1647 1525 1693 οὖν
1557 1653 1691 1699 αὐτοῖς
1719 1653 1782 1694 τὸν

298 1738 448 1788 λογικὸν
496 1736 559 1778 καὶ
608 1737 669 1777 τὸν
716 1737 876 1788 φυσικὸν
922 1740 1034 1776 τόπον
1081 1740 1289 1787 περιαιρεῖν,
1340 1735 1441 1787 μόνῳ
1489 1735 1529 1776 δὲ
1578 1735 1778 1787 προσέχειν

301 1823 352 1873 τῷ
385 1822 507 1873 ἠθικῷ.

360 1905 552 1946 Fortasse
585 1917 639 1946 ex
670 1905 747 1944 hac
779 1902 1039 1956 Cynicorum
1078 1903 1272 1956 opinione
1307 1903 1509 1957 explicari
1542 1902 1663 1944 debet
1692 1915 1783 1944 ver-

301 1990 451 2030 borum
487 1988 776 2042 discrepantia,
811 1999 919 2041 quae
951 1988 994 2026 in
1028 1990 1170 2026 nostro
1204 1986 1367 2040 dialogo
1400 1998 1574 2040 regnare
1607 1986 1785 2035 videtur,

301 2073 409 2113 Nam
459 2074 537 2113 etsi
584 2071 773 2112 Lucinus
822 2071 1043 2111 veritatem
1093 2069 1424 2124 philosophicam
1476 2070 1581 2119 μετα
1628 2068 1782 2110 πάντων

301 2156 436 2205 οὶγνοεῖ
477 2157 563 2207 (53)
611 2158 649 2195 et
699 2154 880 2195 declarat
927 2152 1014 2198 τοὺς
1061 2155 1376 2204 φιλοσοφοῦντας
1425 2151 1508 2202 περὶ
1551 2151 1630 2193 ὅνου
1675 2154 1787 2198 σκιοῖς

302 2239 503 2290 μάχεσθαι
552 2239 637 2290 (71)
686 2242 812 2292 atque
860 2237 1157 2278 Hermotimus
1205 2237 1307 2277 dicit
1347 2235 1549 2288 φιλοσόφῳ
1602 2235 1642 2277 δὲ
1674 2237 1712 2282 ἐς
1745 2236 1787 2277 τὸ

303 2323 430 2363 λοιπον
477 2322 547 2363 κᾶν
583 2320 683 2363 ἄκων
715 2336 808 2362 ποτε
839 2321 907 2372 ὁδῷ
942 2319 1112 2371 βαδίζων
1146 2319 1308 2371 ἐντύχω,
1343 2318 1458 2366 οὕτως
1493 2318 1786 2372 ἐκτραπήσομαι

303 2406 370 2448 καὶ
415 2406 692 2458 περιστήσομαι
727 2404 847 2457 ὥσπερ
881 2404 967 2451 τοὺς
999 2406 1221 2450 λυττῶντας
1256 2406 1329 2444 τῶν
1361 2406 1478 2444 κυνῶν
1510 2404 1609 2458 (86),
1641 2408 1785 2446 tamen

302 2491 485 2545 legimus
533 2490 660 2531 verba
705 2490 780 2539 ἐγὼ
828 2488 902 2540 γαρ
945 2489 1022 2538 οὐχ
1063 2489 1110 2530 ὡς
1153 2488 1192 2528 οὐ
1235 2486 1518 2539 φιλοσοφητέον
1549 2486 1660 2537 φημί
1690 2488 1788 2538 (52).

305 2574 419 2624 Quae
468 2576 671 2616 dissensio
721 2576 756 2615 si
804 2587 826 2614 e
874 2572 1130 2625 Cynicorum
1176 2572 1364 2612 doctrina
1408 2571 1608 2625 explicari
1650 2569 1787 2624 debet,

305 2659 455 2700 ultimo
487 2658 578 2698 loco
611 2659 841 2709 φιλοσοφεῖν
874 2656 986 2697 idem
1022 2654 1229 2710 significat
1260 2668 1307 2695 ac
1339 2652 1538 2705 προσέχειν
1570 2655 1622 2704 τῷ
1652 2653 1786 2704 ἠθικῷ;

303 2741 648 2796 praecedentibus
680 2754 778 2782 vero
812 2742 912 2781 locis
945 2739 975 2780 οἱ
1008 2741 1312 2791 φιλοσοφοῦντες
1340 2739 1399 2778 illi
1419 2742 1530 2791 sunt,
1551 2739 1625 2792 qui
1642 2738 1785 2792 physi-

307 2826 366 2866 cis
398 2828 438 2866 et
469 2825 616 2879 logicis
648 2823 1043 2878 investigationibus
1077 2823 1176 2864 dant
1203 2835 1386 2877 operam.
1417 2821 1498 2863 Sed
1515 2822 1595 2863 alia
1610 2821 1788 2864 fortasse
