1934 3334
864 342 917 380 55

148 481 218 521 illa
250 481 521 534 antiquorum
555 480 875 534 philosophandi
905 481 1021 535 ratio,
1050 493 1158 535 quae
1187 480 1392 522 abstrusis
1423 481 1630 534 quaestio-

146 563 275 605 nibus
306 565 481 605 lectores
514 563 648 604 taedio
682 562 929 605 afficiebat.”

205 646 315 696 Quid
346 647 476 701 igitur
506 659 582 686 nos
613 645 827 688 Lucianus
858 648 902 687 in
934 647 1014 688 Bis
1045 649 1240 689 Accusccto
1273 648 1446 689 docuit?
1478 648 1622 690 Primo

145 744 241 773 eum
283 731 531 772 rhetoricam
563 733 692 770 artem
726 733 894 784 propter
925 732 1092 772 inanem
1125 734 1165 772 et
1197 732 1406 786 turgidam
1439 732 1622 773 indolem

145 815 200 854 40
236 827 367 854 annos
400 816 545 854 natum
577 813 865 866 repudiavisse
898 814 1106 867 audimus,
1139 814 1322 855 secundo
1355 818 1524 869 apparet
1535 816 1620 868 jam

143 897 377 951 complures
420 897 604 950 dialogos
648 909 738 938 esse
781 898 969 951 scriptos,
1011 910 1192 951 quorum
1224 897 1404 951 lepidam
1435 898 1618 940 indolem

144 982 287 1021 contra
318 964 654 1021 adversariorum
685 981 860 1021 crimina
892 980 1112 1021 defendere
1145 984 1329 1021 conatur.

203 1063 325 1112 Quod
367 1076 421 1104 ex
460 1062 672 1104 Piscatore
713 1064 845 1118 igitur
889 1067 928 1104 et
969 1076 1021 1105 ex
1053 1063 1126 1105 Bis
1159 1065 1370 1105 Accusato
1405 1067 1620 1107 consecuti

142 1160 304 1200 sumus,
336 1150 383 1188 ut
414 1147 683 1201 complectar:

202 1230 259 1272 10.
289 1231 504 1272 Lucia-nus
536 1231 831 1285 Philosophiae
863 1232 1089 1272 admirator
1120 1235 1182 1273 est
1212 1232 1357 1274 factus.

200 1314 257 1355 20.
291 1316 501 1369 Antiquos
533 1315 801 1370 philosophos
838 1316 946 1368 colit,
979 1316 1174 1369 aequales
1207 1318 1484 1370 persequitur.

199 1399 255 1440 30.
290 1398 656 1454 Quadragenarius
688 1399 951 1441 Rhetoricam
987 1400 1181 1441 deseruit.

197 1479 256 1522 40.
289 1481 384 1522 Jam
418 1482 656 1536 complures
689 1484 869 1524 comicos
895 1486 935 1523 et
962 1484 1132 1535 cynicos
1160 1483 1345 1538 dialogos
1372 1487 1617 1540 composuit.

199 1564 291 1614 Qua
336 1567 470 1620 prima
513 1566 808 1620 disputationis
850 1570 967 1621 parte
1010 1568 1061 1608 ad
1102 1567 1228 1608 finem
1271 1568 1472 1622 perducta
1502 1583 1618 1611 nunc

141 1661 249 1703 quae
291 1650 450 1702 judicia
482 1651 525 1690 in
572 1650 656 1691 illis
704 1652 875 1691 comicis
922 1654 963 1692 et
1009 1652 1170 1703 cynicis
1218 1652 1394 1707 dialogis
1441 1654 1617 1708 scriptor

137 1733 371 1788 protulerit,
403 1735 716 1788 investigemus.

195 1866 235 1907 3.
278 1864 343 1907 De
376 1865 548 1919 dialoyis
578 1871 701 1908 amca
732 1866 861 1921 editis,
893 1867 937 1907 in
970 1867 1115 1922 quibus
1144 1867 1308 1922 emtiqui
1333 1868 1564 1924 philosophi

368 1950 667 2002 vitupercmtm·,
701 1950 791 2004 ipsa
816 1950 1074 2004 philosophia
1107 1952 1388 1993 communitur.

194 2073 320 2115 Nunc
367 2075 496 2128 igitur
539 2087 605 2115 res
646 2073 736 2127 sert,
780 2077 827 2115 ut
858 2078 1051 2115 accurate
1082 2075 1342 2130 indagemus,
1375 2077 1425 2117 de
1458 2078 1614 2131 quibus

137 2158 312 2212 dialogis
355 2159 441 2211 jam
489 2161 611 2198 antea
653 2158 775 2199 editis
818 2159 862 2198 in
895 2158 1109 2200 Piscatore
1141 2162 1181 2200 et
1212 2159 1286 2201 Bis
1318 2160 1528 2202 Accusato
1561 2164 1615 2204 sit

132 2254 279 2282 sermo.

190 2323 340 2365 Denuo
383 2326 433 2366 ad
473 2326 589 2366 illam
623 2325 849 2379 malignam
883 2324 1085 2379 Diogenis
1117 2327 1345 2367 orationem
1381 2327 1502 2378 (Piso.
1537 2330 1608 2384 26)

131 2407 267 2460 redeo,
301 2407 373 2448 ubi
407 2407 623 2450 Lucianus
655 2422 856 2463 magnum
892 2407 1161 2458 βλασφημιῶν
1193 2423 1417 2451 numerum
1449 2412 1493 2452 in
1525 2425 1611 2454 om-

132 2502 206 2531 nes
238 2491 509 2546 philosophos
540 2492 577 2537 ἐς
612 2491 729 2542 παχὺ
761 2490 914 2541 βιβλίον
942 2490 1141 2543 ἐγγράψαι
1170 2497 1400 2535 accusatur.
1426 2494 1540 2536 Num
1559 2497 1611 2538 ad

132 2574 247 2614 aliud
279 2587 384 2629 opus
416 2576 493 2616 hoc
523 2577 659 2629 aptius
687 2577 896 2630 pertinere
927 2580 1137 2630 putemus,
1166 2590 1291 2630 quam
1320 2578 1370 2618 ad
1398 2578 1610 2633 dialogum

131 2657 454 2712 Hermotimum,
503 2661 575 2712 qui
623 2659 783 2700 ambitu
831 2663 869 2701 et
911 2661 1078 2714 copiosa
1110 2663 1471 2715 argumentatione
1503 2665 1611 2705 inter

131 2741 233 2782 alias
280 2744 427 2783 satiras
475 2743 672 2783 excellit?
716 2743 801 2793 (cfr.
845 2743 1032 2784 Hermot.
1071 2745 1124 2784 85
1159 2744 1208 2785 de
1239 2745 1498 2800 philosophis
1530 2748 1605 2788 im-

131 2826 357 2878 pugnatis).
403 2825 482 2866 Cui
523 2827 797 2880 conjecturae,
839 2827 952 2880 quod
993 2827 1045 2867 ad
1086 2827 1182 2867 libri
1222 2830 1388 2883 tempus
1419 2830 1609 2884 pertinet,
