1934 3334
857 329 905 369 11

137 463 218 505 bus
267 464 514 519 defenderet,
557 469 630 507 aut
672 467 794 508 etiam
831 468 991 521 judicia
1032 472 1152 511 antea
1183 470 1341 524 prolata
1372 472 1606 526 corrigeret.

195 546 257 588 Eo
299 547 451 601 libello,
485 550 557 603 qui
590 547 800 591 Somnium
831 552 914 591 sive
943 551 991 592 de
1022 552 1107 593 vita
1138 553 1393 607 inscribitur,
1426 554 1476 595 de
1505 567 1606 608 pue-

136 630 231 670 ritia
262 630 366 671 dura
393 631 600 685 disseruit,
630 646 756 686 quam
787 633 865 674 sub
892 635 1134 688 parentibus
1163 639 1203 676 et
1229 637 1439 677 avunculo
1456 650 1606 691 passus

139 716 246 764 erat;
296 714 444 755 deinde
492 716 700 769 quomodo
742 717 793 757 ad
834 721 964 758 artem
1014 718 1193 759 litteram
1228 720 1280 760 sit
1311 725 1496 773 vocatus,
1529 720 1606 761 sub

137 796 303 838 fabulae
333 797 467 839 forma
496 801 702 852 narravit3
735 804 944 854 postremo
976 802 1149 855 gloriam
1183 803 1450 857 praedicavit,
1481 817 1607 858 quam

137 892 210 934 per
234 881 488 936 longinquas
515 883 705 936 regiones
731 884 775 923 in
793 884 998 924 rhetorica
1015 885 1248 926 exercenda
1266 890 1516 928 consecutus
1534 890 1606 928 est.

195 962 246 1003 In
289 963 449 1018 dialogo
488 963 573 1006 'Bis
612 965 813 1006 Accusato
856 979 899 1007 se
931 967 1154 1008 admodum
1183 969 1381 1021 juvenem
1414 970 1457 1009 in
1489 969 1608 1010 Ionia

137 1046 296 1087 vixisse
322 1052 473 1100 narrat,
500 1048 573 1088 ubi
599 1048 682 1089 illis
699 1049 957 1103 temporibus
975 1049 1180 1102 Smyrnae
1197 1055 1236 1092 et
1252 1051 1406 1105 Ephesi
1423 1052 1608 1093 rhetores

139 1143 304 1171 summa
349 1132 480 1185 gloria
527 1136 566 1173 et
612 1134 782 1174 nomine
829 1132 1088 1174 fruebantur.
1145 1135 1282 1175 Annis
1325 1135 1506 1175 tirocinii
1551 1134 1609 1174 ibi

137 1215 315 1267 peractis
347 1215 593 1256 rhetoricam
628 1217 717 1270 ipse
734 1216 946 1270 professus
967 1216 1179 1258 Graeciam
1198 1218 1466 1271 perlustravit
1484 1222 1609 1272 atque

138 1296 259 1338 Ionio
301 1300 405 1339 mari
441 1300 610 1352 trajecto
643 1301 767 1340 etiam
799 1300 841 1340 in
875 1299 995 1340 Italia
1027 1301 1264 1341 auditorum
1298 1302 1458 1342 animos
1490 1303 1534 1342 in
1566 1314 1610 1342 se

140 1382 354 1421 convertit.
387 1381 535 1436 Usque
568 1382 619 1422 ad
650 1395 807 1423 annum
826 1383 970 1423 aetatis
990 1383 1356 1437 quadragesimum
1375 1385 1439 1425 his
1457 1385 1608 1425 studiis

141 1476 185 1505 se
227 1464 438 1505 addictum
479 1464 610 1505 fuisse
647 1465 782 1506 tradit.
823 1465 939 1519 Tum,
972 1479 1096 1519 quam
1129 1467 1295 1507 inanem
1329 1471 1368 1507 et
1400 1468 1609 1521 turgidam

142 1550 270 1588 artem
304 1548 513 1601 coluisset,
545 1548 752 1589 intellexit
777 1552 816 1589 et
843 1549 893 1589 ad
925 1549 1110 1603 dialogos
1137 1551 1313 1602 transiit,
1341 1563 1446 1604 quos
1475 1550 1610 1591 Comi-

142 1645 286 1672 corum
320 1636 359 1673 et
389 1631 577 1686 Menippi
608 1633 746 1684 cynici
778 1633 970 1687 exemplo
1002 1646 1046 1674 se
1078 1635 1365 1688 composuisse
1395 1635 1610 1688 gloriatur.

198 1716 249 1757 In
303 1716 466 1770 dialogo
512 1715 722 1757 Piscatore
763 1716 934 1769 judicia,
981 1729 1089 1770 quae
1134 1717 1178 1757 in
1223 1717 1307 1757 illis
1355 1718 1524 1758 comicis
1572 1721 1612 1758 et

141 1801 301 1852 cynicis
348 1800 522 1854 dialogis
571 1803 714 1840 contra
760 1799 1019 1840 venerabiles
1065 1800 1332 1853 philosophos
1373 1800 1612 1854 protulerat,

140 1884 345 1937 corrigere
391 1883 544 1924 statuit.
591 1883 769 1924 Amicus
812 1883 1098 1937 philosophiae
1138 1883 1284 1932 factus,
1318 1895 1611 1937 quaecumque

140 1967 336 2021 aequales
385 1967 688 2020 delinquerent,
731 1979 775 2007 se
816 1967 937 2021 quasi
979 1979 1192 2007 censorem
1236 1970 1479 2007 notaturum
1522 1979 1613 2008 esse

141 2051 343 2105 promisit.

197 2134 346 2188 Neque
387 2134 550 2188 placida
591 2136 784 2174 senectus
815 2132 1050 2174 Lucianum
1084 2133 1299 2174 manebat:
1335 2146 1388 2174 ex
1418 2133 1614 2187 Apoloqia

140 2230 237 2258 eum
280 2217 406 2259 rebus
447 2218 636 2272 angustis
670 2221 873 2270 coactum,
904 2230 1060 2258 munus
1093 2217 1310 2271 publicum
1344 2217 1394 2258 ab
1427 2218 1613 2259 Alexan-

139 2301 252 2342 driae
293 2301 499 2355 praefecto
543 2301 711 2355 petiisse
756 2301 967 2341 discimus.
1003 2299 1123 2349 Quod
1156 2313 1251 2341 cum
1285 2300 1460 2354 adeptus
1493 2305 1612 2353 esset,

138 2385 317 2426 maiores
351 2384 431 2425 sibi
463 2385 641 2425 honores
674 2384 856 2425 delatum
889 2385 941 2424 iri
972 2385 1166 2438 speravit,
1199 2384 1270 2424 sed
1302 2397 1413 2437 mox,
1439 2396 1613 2425 munere

140 2481 236 2509 cum
269 2468 458 2509 mercede
490 2468 692 2522 adempto,
725 2480 853 2509 senex
892 2467 1111 2518 (Hercules
1145 2468 1186 2521 8)
1223 2467 1361 2508 denuo
1394 2467 1445 2507 ad
1476 2467 1614 2508 rheto-

139 2553 246 2592 ricas
279 2551 597 2592 declamationes
629 2551 824 2606 delapsus
855 2555 928 2592 est.

198 2634 309 2683 Quid
340 2647 454 2675 nunc
489 2648 541 2676 ex
572 2635 636 2676 his
670 2638 869 2688 quattuor
901 2634 1051 2675 libellis
1084 2647 1181 2675 cum
1215 2637 1413 2687 quattuor
1439 2647 1612 2688 operum

140 2717 365 2773 generibus
397 2719 643 2772 comparatis
675 2719 814 2771 colligi
848 2718 1015 2772 potest?

198 2801 228 2843 Ι.
262 2801 409 2856 Usque
441 2802 492 2842 ad
525 2815 682 2844 annum
709 2802 1080 2856 quadragesimum
1107 2800 1319 2842 Lucianus
1337 2802 1478 2842 rhetor
1495 2814 1611 2842 man-
