1934 3334
1020 347 1103 386 124

328 499 351 525 a
404 475 590 526 Luciano
640 486 689 526 ad
738 490 994 528 senectutem
1044 488 1294 542 devergente
1337 487 1536 529 confectis
1582 487 1714 530 habeo
1761 491 1802 530 et

322 567 478 610 ibidem
527 571 754 612 sententias
796 571 951 625 inveni,
994 584 1101 626 quae
1140 585 1236 613 cum
1281 571 1535 625 Cynicorum
1568 573 1800 628 praeceptis

323 654 593 707 conveniunt,
636 653 874 708 (Demonax
918 656 967 696 11
1005 672 1055 693 =
1093 657 1143 698 de
1182 669 1283 698 sacr.
1329 657 1366 710 1)
1409 656 1530 698 facile
1569 656 1803 712 intellegas,

316 736 458 790 lector,
490 750 556 779 me
588 751 670 779 non
704 740 749 779 in
781 751 925 780 eorum
961 741 1209 782 sententiam
1241 742 1312 795 ire,
1344 742 1416 795 qui
1449 745 1672 796 utramque
1689 754 1801 783 com·

322 823 621 862 mentationem
664 836 685 863 a
729 822 977 865 Christianis
1019 837 1040 865 e
1084 823 1306 866 Lucianeis
1339 818 1515 879 seriptis
1536 825 1800 880 compilatam

319 916 410 945 esse
441 890 690 947 autument.
741 906 920 948 Nullum
969 909 1092 958 enim,
1140 908 1252 962 quod
1300 908 1578 949 Christianam
1625 921 1799 950 manum

317 993 522 1042 argueret,
566 990 865 1031 documentum
898 992 1064 1043 inveni3
1099 993 1135 1032 si
1167 993 1262 1046 quis
1294 995 1433 1033 autem
1465 991 1593 1033 verba
1622 991 1800 1033 Luciani

315 1072 533 1126 indignati,
583 1075 695 1128 quod
743 1075 934 1116 homines
981 1072 1074 1116 οὕτω
1116 1076 1292 1116 τκπειυὸν
1332 1074 1398 1116 καὶ
1445 1075 1602 1125 ἀγεννὲς
1635 1075 1677 1117 τὸ
1711 1076 1801 1117 θεῖον

318 1155 594 1206 ὑπειλήφασιν,
628 1155 724 1198 ὥστε
755 1153 846 1198 εἶναι
879 1158 1078 1210 ἀνθρώπων
1110 1157 1230 1205 ἐνδεές
1263 1159 1332 1213 (de
1363 1172 1468 1201 sacr.
1505 1160 1544 1211 1)
1563 1172 1658 1200 cum
1676 1158 1801 1200 Pauli

316 1240 509 1294 Apostoli
553 1242 657 1293 (Act.
689 1242 834 1296 Apost.
872 1242 937 1295 17,
972 1243 1040 1294 25)
1069 1242 1227 1295 judicio
1260 1245 1481 1296 comparet,
1514 1242 1628 1283 unde
1661 1241 1800 1284 Chris-

314 1325 479 1365 tianam
514 1324 645 1365 libelli
679 1326 882 1379 originem
914 1327 1221 1380 interpretetur,
1253 1327 1289 1366 ei
1320 1325 1563 1380 Euripidem
1593 1326 1800 1368 dicentem

320 1406 446 1447 δεῖται
487 1406 561 1459 γὰρ
606 1407 622 1448 0‘
665 1408 754 1459 θεὸς,
789 1406 887 1460 εἴπερ
921 1406 1000 1449 ἔστ’
1033 1407 1146 1454 ὅντως
1180 1409 1269 1462 θεὸς,
1302 1407 1446 1455 οὐδενός
1477 1410 1522 1449 in
1558 1410 1800 1451 memoriam

315 1491 531 1533 revocabo.

374 1574 454 1616 Sed
489 1576 590 1629 quid
624 1589 696 1617 vos
728 1577 910 1631 amplius
944 1578 1114 1618 moror?
1140 1576 1354 1618 Lucianus
1382 1578 1492 1619 enim
1522 1577 1590 1631 (de
1618 1577 1738 1619 luctu
1759 1579 1799 1629 9)

320 1659 370 1701 de
411 1659 573 1700 inferiis
616 1661 736 1714 quasi
779 1661 829 1702 de
871 1665 960 1707 ταῖς
1001 1661 1091 1713 παρ’
1136 1660 1272 1711 ἡμῶν
1313 1665 1427 1712 χοαῖς
1458 1662 1659 1716 loquitur,
1693 1675 1800 1717 quae

317 1742 444 1784 verba
476 1757 711 1798 numquam
746 1758 768 1785 a
802 1744 1036 1786 Christiano
1069 1745 1196 1786 scribi
1226 1749 1463 1800 potuerunt.

377 1826 533 1876 Quarto
577 1829 658 1869 mei
698 1828 795 1869 libri
827 1830 951 1883 capiti
981 1828 1106 1870 finem
1141 1831 1419 1884 impositurus
1449 1830 1528 1871 hoc
1559 1833 1723 1872 tantum
1754 1832 1799 1872 in

316 1911 565 1952 universum
616 1912 666 1953 de
706 1913 851 1953 tertiae
899 1914 1046 1954 aetatis
1079 1913 1275 1968 operibus
1308 1913 1608 1967 animadverto,
1638 1913 1799 1969 ubique

317 2007 438 2036 veros
486 1994 662 2036 Luciani
709 1997 905 2051 aequales
952 1998 996 2037 in
1034 1997 1241 2051 judicium
1288 2010 1379 2039 esse
1411 2001 1593 2052 vocatos,
1625 2011 1722 2040 cum
1753 2000 1799 2040 in

315 2080 526 2121 secundae
561 2082 706 2121 aetatis
741 2081 916 2135 dialogis
947 2094 1149 2135 personae
1181 2094 1233 2123 ex
1266 2083 1441 2136 antiqua
1475 2081 1699 2124 Comoedia
1731 2082 1799 2124 vel

316 2177 338 2204 e
370 2163 592 2219 Menippea
624 2166 750 2206 satira
780 2166 890 2206 inter
922 2177 965 2206 se
1000 2165 1379 2206 confabularentur.
