1934 3334
980 324 1034 364 38

276 467 335 509 ibi
366 466 635 522 philosophos
666 467 706 507 et
736 465 929 507 homines
961 465 1175 519 litteratos,
1204 468 1478 520 cognatorum
1513 468 1658 507 tamen
1677 465 1751 506 vix

282 565 416 593 unum
465 554 505 592 et
551 550 729 591 alterum
778 550 952 591 invenit.
1009 547 1163 603 Lepide
1209 549 1357 590 deinde
1403 549 1597 590 omnium
1645 548 1753 590 risui

278 635 414 688 tradit,
465 646 572 688 quae
605 646 628 674 a
661 631 934 687 sapientibus,
967 634 1039 686 qui
1071 632 1207 686 palam
1243 633 1546 673 continentiam
1569 634 1622 674 et
1652 631 1754 673 sim-

279 719 507 774 plicitatem
560 717 818 769 simularent,
870 716 1001 769 avide,
1047 697 1298 770 arroganter,
1345 716 1560 770 impudice
1607 727 1752 770 perpe-

278 802 379 843 trari
425 801 595 841 viderat.
645 799 790 854 Usque
837 812 896 853 eo,
945 799 1046 854 quid
1087 812 1131 841 se
1173 800 1346 853 deceret,
1388 799 1506 841 obliti
1547 802 1676 853 erant,
1710 801 1756 840 ut

279 899 378 927 cum
429 886 528 925 vino
571 884 859 936 incaluissent,
898 886 1116 937 tamquam
1150 884 1344 925 homines
1375 896 1428 925 ex
1460 883 1609 925 infima
1638 882 1758 938 plebe

279 971 518 1012 rixarentur
550 972 589 1010 et
622 968 702 1009 sibi
736 968 911 1009 vulnera
943 967 1191 1022 infligerent.

338 1054 466 1108 Apud
514 1053 812 1107 Alciphronem
861 1053 915 1102 (3.
937 1052 1008 1105 55)
1052 1052 1260 1106 parasitus
1303 1052 1355 1093 ad
1397 1053 1581 1092 amicum
1616 1050 1761 1093 scribit

287 1138 583 1180 Scamonidem
645 1137 867 1177 dominum
928 1149 1070 1188 suum,
1116 1148 1211 1176 cum
1262 1136 1372 1176 diem
1422 1135 1603 1176 natalem
1651 1134 1761 1176 filiae

284 1222 522 1275 celebraret,
569 1221 728 1261 multos
775 1232 827 1261 ex
869 1219 1215 1273 Atheniensibus,
1247 1221 1321 1273 qui
1355 1219 1512 1260 divitiis
1545 1221 1585 1260 et
1611 1230 1762 1274 genere

284 1309 554 1362 praestarent,
601 1304 652 1345 ad
698 1316 870 1345 coenam
920 1303 1135 1344 vocavisse
1178 1306 1218 1344 et
1262 1306 1307 1344 ut
1347 1302 1504 1344 festum
1549 1301 1600 1343 ab
1646 1302 1764 1343 omni

285 1393 401 1444 parte
433 1395 542 1430 esset
572 1387 819 1442 perfectum,
850 1387 972 1427 etiam
1005 1386 1274 1441 philosophos
1307 1386 1606 1441 adsumpsisse.
1641 1384 1762 1441 (ᾠήθη

294 1473 371 1515 δεῖν
406 1470 494 1514 καὶ
527 1471 613 1518 τοὺς
645 1470 884 1523 φιλοσόφους
916 1474 1110 1516 κοσμῆσαι
1141 1469 1210 1517 τὴν
1242 1469 1452 1526 εὐωχίαν).

347 1557 496 1598 Statim
528 1556 873 1597 animadvertatis
900 1555 1041 1608 velim,
1069 1558 1226 1608 quanto
1252 1553 1522 1595 verisimilior
1548 1553 1620 1594 illa
1647 1565 1763 1607 para-

290 1642 359 1682 siti
406 1641 459 1682 sit
506 1640 680 1694 epistola
713 1652 840 1694 quam
876 1640 1057 1680 narratio
1089 1638 1312 1680 Lucianea.
1344 1637 1448 1687 Quis
1481 1639 1594 1679 enim
1629 1636 1769 1678 credat

292 1725 624 1778 Aristaenetum,
656 1737 753 1765 cum
789 1723 919 1764 filiam
954 1724 994 1764 in
1014 1724 1334 1764 matrimonium
1355 1723 1481 1775 daret,
1500 1721 1770 1777 philosophos

294 1808 489 1850 affinibus
538 1809 857 1862 anteposuisse?
905 1807 1201 1849 Scamonidem
1245 1819 1341 1848 vero
1387 1806 1590 1847 natalium
1633 1805 1770 1860 splen-

294 1894 436 1934 dorem
480 1896 641 1947 praeter
684 1892 786 1933 alios
829 1892 953 1933 etiam
989 1891 1257 1946 philosophos
1290 1890 1479 1931 vocando
1513 1902 1665 1944 augere
1697 1902 1770 1930 vo·

292 1979 435 2031 luisse,
481 1977 602 2018 facile
649 1977 873 2017 credimus.
903 1975 1014 2030 Ergo
1046 1976 1120 2016 vix
1152 1978 1215 2016 est
1248 1975 1477 2016 verisimile
1509 1974 1561 2015 ad
1593 1973 1771 2015 Luciani

296 2062 539 2116 exemplum
587 2061 889 2115 Alciphronem
929 2060 1159 2114 imaginem
1195 2072 1317 2100 suam
1352 2057 1641 2111 adumbrasse,
1674 2059 1773 2112 quia

294 2147 422 2187 huius
469 2145 643 2199 epistola
693 2144 824 2185 multo
871 2143 1122 2198 probabilior
1168 2146 1229 2184 est
1269 2156 1397 2197 quam
1432 2141 1624 2183 Convivii
1658 2141 1774 2183 illius

299 2231 532 2284 descriptio.

356 2314 540 2355 Nullane
586 2315 716 2368 igitur
756 2312 1023 2353 necessitudo
1067 2311 1176 2352 inter
1206 2313 1440 2364 utrumque
1471 2310 1681 2351 rhetorem
1713 2309 1777 2349 in-

298 2398 455 2440 terest?

358 2482 535 2522 Minime
581 2493 700 2531 vero,
750 2492 857 2534 quae
899 2478 1049 2519 deinde
1085 2478 1318 2532 Alciphron
1349 2476 1399 2517 de
1433 2474 1778 2530 philosophorum

302 2564 526 2605 insolentia
571 2563 753 2615 tradidit,
794 2575 847 2603 ex
891 2575 975 2602 uno
1018 2574 1064 2601 ac
1097 2561 1240 2601 eodem
1274 2560 1389 2600 fonte
1420 2558 1598 2598 fluxisse
1631 2560 1782 2610 statuo,

304 2648 416 2690 unde
447 2646 661 2688 Lucianus
694 2650 855 2700 partem
890 2645 1038 2686 saltem
1072 2645 1322 2684 narrationis
1358 2644 1579 2683 mutuatus
1611 2644 1684 2682 est.

358 2732 568 2786 inspicias
609 2730 746 2783 modo,
792 2742 898 2783 quae
942 2732 1119 2781 uterque
1163 2728 1212 2768 de
1244 2728 1390 2779 cynico
1424 2725 1607 2780 quodam
1640 2726 1783 2766 narrat

304 2818 343 2858 et
388 2815 490 2856 mihi
522 2813 726 2855 concedes
760 2811 1084 2855 similitudinem
1118 2823 1203 2851 non
1234 2810 1453 2851 fortuitam
1487 2809 1555 2850 hic
1587 2808 1781 2850 inveniri.
