1934 3334
840 333 890 372 21

141 473 266 514 etiam
308 472 431 513 hodie
464 484 614 526 magna
655 471 765 512 inter
802 472 916 512 viros
950 471 1091 512 doctos
1123 474 1289 513 maneat
1322 471 1622 525 discrepantia.

198 556 256 596 At
301 557 550 610 priusquam
601 554 756 596 Meesio
800 555 906 596 duce
949 555 1001 595 ad
1050 554 1227 596 Luciani
1260 568 1382 610 opera
1413 554 1620 608 juvenilia

137 639 390 693 accedimus,
437 640 615 680 strictim
664 650 795 692 pauca
841 638 1017 679 dicenda
1064 642 1163 679 sunt
1212 639 1262 680 de
1308 639 1472 692 litteris,
1512 650 1616 692 quas

135 722 322 764 rhetores
352 723 668 763 Antoninorum
701 733 800 762 aevo
834 733 1028 762 exercere
1061 721 1260 762 solebant.

197 805 323 846 Haud
367 805 562 858 multum,
609 808 655 845 ut
686 817 772 845 rem
807 805 947 859 paullo
980 805 1105 846 altius
1136 809 1331 859 repetam,
1364 819 1386 846 a
1418 818 1515 846 vero
1548 804 1617 846 ab·

134 888 379 942 errabimus,
411 890 447 929 si
479 887 733 929 Graecorum
763 888 921 929 litteras
954 888 1078 929 simul
1106 901 1203 929 cum
1227 888 1395 942 politica
1423 887 1614 929 libertate

132 972 295 1013 civibus
337 959 530 1026 adempta
571 972 789 1026 pristinam
834 972 961 1012 vitam
1000 984 1047 1012 ac
1087 972 1274 1025 vigorem
1308 972 1498 1012 amisisse
1530 974 1612 1012 sta-

133 1059 314 1097 tuemus.
362 1055 466 1097 Cum
512 1055 830 1108 Alexandriam,
875 1054 946 1095 ubi
978 1054 1206 1095 Ptolemaei
1236 1055 1384 1095 litteris
1416 1068 1462 1095 ac
1495 1055 1617 1096 disci-

133 1139 260 1193 plinis
301 1139 509 1192 favebant,
553 1138 699 1180 Musae
734 1139 1047 1193 demigrassent,
1081 1151 1163 1178 non
1199 1139 1378 1192 amplius
1411 1139 1616 1193 simplicia

133 1227 172 1264 et
215 1226 424 1275 venusta,
446 1223 519 1264 sed
565 1223 684 1263 docta
727 1226 766 1263 et
800 1222 978 1263 obscura
1010 1235 1140 1276 paene
1174 1223 1363 1263 omnium
1397 1226 1612 1276 poetarum

131 1311 250 1348 erant
283 1308 478 1348 carmina.

186 1390 327 1431 Primo
370 1394 507 1431 tamen
550 1405 586 1444 p.
622 1390 714 1431 Chr.
748 1403 787 1430 n.
828 1390 969 1431 seculo
1001 1402 1074 1444 per
1106 1402 1251 1430 omnes
1284 1391 1486 1444 regiones,
1520 1390 1611 1431 ubi-

129 1487 298 1527 cunque
342 1487 489 1529 graeco
531 1487 724 1515 sermone
767 1473 993 1514 utebantur
1033 1474 1234 1527 homines,
1279 1487 1387 1514 nova
1419 1474 1609 1515 alacritas

127 1560 167 1598 et
215 1558 401 1598 studium
446 1562 640 1599 exortum
684 1561 756 1606 est,
785 1558 1054 1611 maximaque
1087 1557 1302 1611 diligentia
1334 1558 1606 1611 antiquorum

125 1641 276 1681 imitati
320 1646 420 1682 sunt
462 1641 665 1695 exempla.
703 1639 932 1681 Domitiani
966 1644 1006 1681 et
1035 1640 1201 1694 Trajani
1233 1640 1493 1694 temporibus
1526 1639 1606 1681 Dio

124 1723 338 1766 Prusaeus
370 1725 547 1779 vigebat,
581 1726 655 1779 qui
686 1725 831 1766 ethicis
864 1726 1105 1778 praesertim
1136 1724 1515 1766 declamationibus
1533 1738 1607 1779 per

124 1811 259 1848 totum
291 1812 496 1849 terrarum
531 1808 671 1849 orbem
706 1807 856 1849 habitis
889 1813 1019 1849 artem
1052 1808 1323 1862 profitebatur
1354 1809 1603 1850 rhetoricam

125 1895 164 1932 et
206 1891 372 1933 Plinius
404 1891 625 1933 Secundus
658 1893 767 1932 circa
800 1905 957 1932 annum
994 1892 1074 1932 100
1107 1891 1264 1933 Romae
1298 1891 1478 1933 Graecos
1510 1893 1602 1933 rhe-

123 1976 234 2015 tores
287 1975 462 2015 audiens
516 1974 684 2015 Isaeum
743 1975 864 2028 quasi
920 1974 1148 2028 perfectum
1210 1978 1412 2016 oratorem
1460 1975 1604 2017 laudat

126 2056 216 2111 (Ep.
262 2057 314 2098 ΙΙ.
365 2059 416 2108 3).
473 2058 541 2099 Ad
583 2071 793 2099 summum
843 2071 938 2099 vero
990 2059 1090 2099 haec
1137 2058 1276 2099 studia
1319 2063 1604 2112 pervenerunt

121 2139 336 2182 Hadriano
370 2140 623 2182 Graecorum
654 2141 815 2183 fautore
842 2142 892 2182 ad
920 2143 1142 2196 imperium
1173 2146 1331 2195 vocato,
1357 2155 1454 2183 cum
1481 2143 1600 2183 latini

121 2228 279 2277 poetae,
308 2226 381 2278 qui
416 2225 630 2278 npnnullis
665 2225 878 2266 decenniis
908 2229 1003 2266 ante
1029 2226 1072 2265 in
1091 2225 1186 2266 aula
1198 2226 1439 2279 praesertim
1457 2224 1600 2267 Domi-

120 2308 225 2348 tiani
275 2309 469 2350 vixerant
516 2309 566 2350 ad
615 2323 748 2350 unum
797 2322 940 2350 omnes
984 2310 1151 2363 mortui,
1192 2310 1372 2363 nullum,
1415 2311 1488 2364 qui
1521 2310 1600 2352 sibi

121 2392 343 2434 succedere
374 2397 526 2447 posset,
556 2394 836 2447 reliquissent.

180 2475 434 2530 Imperatore
478 2481 716 2531 praeeunte,
761 2478 1017 2531 quicumque
1063 2477 1164 2517 culti
1208 2476 1350 2518 haberi
1393 2477 1600 2532 volebant,

119 2572 265 2614 graece
297 2560 477 2601 scribere
510 2565 636 2614 atque
667 2561 924 2602 confabulari
953 2561 1097 2602 sedulo
1117 2561 1362 2602 didicerunt.
1393 2560 1593 2603 Claudius

119 2644 336 2696 Aelianus,
377 2644 594 2686 Praenesti
637 2644 714 2686 sub
746 2646 879 2699 ipsius
911 2644 1068 2686 Romae
1099 2644 1320 2686 moenibus
1352 2649 1489 2698 natus,
1520 2645 1596 2686 Fa-

121 2727 293 2768 vorinus
336 2727 386 2768 ab
426 2728 594 2769 Arelate
638 2728 796 2769 Gallica
834 2728 936 2769 urbe
968 2728 1171 2769 oriundus
1203 2729 1302 2769 huic
1333 2730 1393 2769 rei
1425 2729 1596 2770 studue-

120 2814 231 2864 runt,
266 2814 310 2851 ut
342 2815 510 2866 propter
541 2824 675 2866 opera,
708 2825 815 2868 quae
848 2811 1003 2855 Graece
1030 2813 1282 2867 scripserant
1298 2812 1593 2871 laudarentur3
