1934 3334
849 320 902 360 39

137 460 218 510 Qui
249 462 359 516 apud
390 465 627 515 utrumque
659 461 903 515 scriptorem
937 464 1160 516 postquam
1194 461 1357 502 invitus
1374 461 1417 502 in
1437 461 1611 503 domum

132 545 294 598 irrupit,
321 547 407 585 tam
443 544 660 599 impudice
692 556 735 585 se
766 545 906 598 gessit,
940 548 987 585 ut
1018 544 1220 586 omnibus
1237 544 1435 586 ruborem
1455 545 1614 586 incute-

131 631 205 670 ret.
249 629 339 670 Alc.
384 630 493 670 enim
539 629 582 669 in
614 628 745 683 Epist.
778 628 861 670 fine
894 630 1080 683 scripsit:
1114 628 1130 669 ὂ
1163 627 1258 669 κύων
1291 628 1330 669 δὲ
1360 630 1491 681 πρῶτα
1525 627 1614 681 οὔρει

130 710 236 753 κατα
275 711 343 766 τὴν
375 711 524 758 κυνικὴν
557 711 799 765 οὶδιαφορίαν,
839 725 1021 766 quocum
1057 712 1245 763 conferas
1278 712 1404 753 Conv.
1439 714 1492 753 35
1525 712 1541 753 ὂ
1574 712 1613 753 δὲ

136 792 347 844 θαυμάσιος
379 793 633 845 Ἀλκιδάμας
665 793 732 836 καὶ
766 794 875 846 ἐούρει
906 795 942 835 ἐν
975 795 1026 846 τῷ
1061 794 1179 848 μέσῳ,
1209 796 1275 836 οὐκ
1304 794 1523 845 αἰδούμενος
1540 793 1613 841 τας

127 881 336 927 γυναῖκας.
371 878 461 918 Alc.
494 879 647 919 iterum
683 879 727 918 in
760 877 844 919 fine
873 878 1093 932 epistolae:
1124 875 1257 918 ἔπειτα
1284 876 1346 918 καὶ
1376 878 1527 930 Δωρίδα
1543 877 1612 924 τὴν

128 959 357 1011 μουσουργὸν
384 955 452 1006 οἷος
482 956 524 1007 ἧν
553 960 590 1001 ἐν
618 961 838 1011 ὀφθαλμοῖς
872 958 1054 1001 άπάντων
1088 961 1260 1015 ἐνεργεῖν,
1292 974 1477 1015 quocum
1512 974 1608 1002 con-

126 1045 285 1098 spirant
317 1043 444 1085 verba
476 1044 586 1098 apud
618 1043 716 1085 Luc.
752 1043 878 1085 Conv.
913 1044 967 1084 46
998 1043 1224 1095 κατελήφθη
1254 1042 1507 1093 Ἀλκιδάμας
1539 1043 1607 1091 τὴν

124 1126 341 1179 αὐλητρίδα
367 1125 602 1177 ἀπογυμνῶν
629 1125 696 1167 καὶ
725 1127 813 1178 πρὸς
838 1126 930 1177 βίαν
958 1128 1226 1178 συνενεχθῆναι
1252 1128 1352 1180 αὐτῇ
1370 1127 1608 1179 σπουδάζων.

184 1210 324 1252 Etiam
361 1211 637 1264 manifestius,
665 1212 767 1265 quid
796 1212 969 1252 rationis
989 1213 1098 1252 inter
1114 1215 1348 1266 utrumque
1366 1212 1609 1267 intercedat,

123 1307 279 1336 nomen
322 1295 459 1347 cynici
490 1295 658 1348 indicat,
693 1296 766 1349 qui
798 1296 908 1349 apud
940 1296 1239 1350 Alciphronem
1276 1295 1501 1337 Pancrates
1534 1309 1605 1337 vo-

123 1380 252 1431 catur,
303 1391 326 1418 a
371 1377 557 1419 Luciano
589 1391 698 1432 vero,
731 1380 803 1432 qui
838 1379 1133 1432 philosophum
1168 1377 1472 1430 παγκρατιάζειν
1504 1379 1601 1420 facit

125 1459 267 1512 (ConV.
305 1461 371 1513 19)
403 1462 446 1501 in
480 1461 773 1502 Alcidamanta
805 1464 1003 1502 mutatur.

181 1543 311 1584 Vides
358 1556 454 1598 ergo
502 1544 802 1598 Alciphronem
852 1558 935 1585 non
979 1544 1217 1586 Lucianum
1262 1549 1453 1587 secutum
1499 1559 1601 1600 esse,

119 1627 228 1668 sicut
270 1626 527 1668 Fritzschius
567 1629 762 1682 opinatus
806 1632 878 1678 est,
912 1628 983 1669 sed
1016 1628 1087 1669 illa
1118 1629 1289 1683 parasiti
1320 1630 1435 1682 ῥῆσις,
1469 1643 1596 1683 quam

116 1711 347 1766 Alcipbron
390 1712 440 1752 ad
484 1713 636 1753 comici
673 1713 852 1753 alicuius
884 1712 1130 1766 exemplum
1166 1725 1308 1766 presse
1339 1712 1494 1766 refecit,
1526 1716 1599 1754 aut

118 1808 140 1835 a
172 1794 369 1849 Luciano,
402 1799 447 1836 ut
479 1796 674 1849 aequales
707 1796 975 1850 philosophos
1007 1797 1317 1850 perstringeret,
1344 1796 1474 1837 libere
1502 1811 1597 1838 mu-

116 1882 201 1920 tata
233 1882 273 1920 et
304 1883 425 1920 aucta
457 1883 530 1933 est,
549 1879 578 1934 ¹)
610 1883 693 1933 aut,
712 1880 823 1933 quod
844 1880 948 1919 mihi
966 1880 1242 1921 verisimilius
1260 1881 1436 1934 videtur,
1450 1879 1595 1933 Cynici

115 1965 282 2003 tantum
316 1975 537 2016 personam
572 1964 737 2003 satirico
770 1962 972 2017 praebuit.

172 2046 298 2087 Nunc
327 2047 378 2087 ad
404 2046 656 2087 Toxaridem
686 2050 962 2099 revertamur,
981 2049 1030 2100 et,
1051 2060 1157 2101 quae
1174 2047 1439 2088 necessitudo
1456 2049 1501 2088 in
1518 2048 1594 2088 hac

114 2143 284 2184 quoque
314 2130 455 2171 fabula
488 2129 674 2170 Luciano
702 2143 801 2170 cum
828 2131 1082 2185 Alciphrone
1099 2131 1338 2183 intercedat,
1357 2131 1588 2173 videamus.

170 2213 219 2253 In
253 2214 435 2254 convivii
469 2213 818 2267 descriptionibus
846 2214 1085 2267 argumenti
1104 2214 1338 2254 similitudo
1357 2226 1425 2254 me
1445 2215 1589 2268 movit,

112 2300 160 2337 ut
192 2309 462 2337 communem
500 2297 764 2338 admitterem
798 2296 972 2350 fontem,
1005 2297 1071 2337 hic
1104 2309 1203 2337 vero
1235 2310 1467 2350 paucorum
1496 2310 1587 2339 ver-

111 2380 259 2421 borum
307 2381 418 2435 apud
460 2380 695 2421 Lucianum
742 2384 780 2421 et
824 2382 867 2420 in
911 2381 1073 2421 duabus
1111 2381 1286 2421 diversis
1318 2381 1586 2436 Alciphronis

111 2465 295 2518 epistolis
333 2466 384 2517 (3.
420 2466 472 2506 50
507 2468 546 2505 et
578 2466 613 2505 3.
648 2465 717 2518 62)
752 2465 1023 2506 inventorum
1058 2466 1332 2519 congruentia
1358 2464 1585 2520 Kockium,

109 2551 156 2588 ut
187 2560 461 2588 communem
498 2549 702 2601 originem
737 2548 801 2589 his
834 2548 936 2589 locis
968 2547 1178 2601 tribueret,
1210 2548 1390 2602 impulit.

165 2630 448 2684 Inspiciamus
481 2635 638 2685 autem,
671 2644 777 2685 quae
809 2632 1033 2672 convenire
1065 2631 1299 2672 contendit:

151 2808 183 2850 1)
207 2809 320 2842 Etiam
347 2810 492 2851 Menippi
517 2811 690 2848 Συμπόσιον
714 2811 990 2853 philosophorum
1014 2812 1183 2844 Lucianus
1207 2814 1303 2854 sequi
1328 2813 1445 2854 potuit.
