<?xml version="1.0" encoding="UTF-8"?>
<!DOCTYPE html PUBLIC "-//W3C//DTD XHTML 1.0 Transitional//EN"
    "http://www.w3.org/TR/xhtml1/DTD/xhtml1-transitional.dtd">
<html xmlns="http://www.w3.org/1999/xhtml" xml:lang="en" lang="en">
 <head>
  <title>
</title>
<meta http-equiv="Content-Type" content="text/html;charset=utf-8" />
  <meta name='ocr-system' content='tesseract 3.04.00' />
  <meta name='ocr-capabilities' content='ocr_page ocr_carea ocr_par ocr_line ocrx_word'/>
</head>
<body>
  <div class='ocr_page' id='page_1' title='image "./studialucianea00bolduoft_0043.png"; bbox 0 0 1934 3334; ppageno 0'>
   <div class='ocr_carea' id='block_1_1' title="bbox 853 344 907 384">
    <p class='ocr_par' dir='ltr' id='par_1_1' title="bbox 853 344 907 384">
     <span class='ocr_line' id='line_1_1' title="bbox 853 344 907 384; baseline 0 0"><span class='ocrx_word' id='word_1_1' title='bbox 853 344 907 384; x_wconf 82' lang='lat'>29</span> 
     </span>
    </p>
   </div>
   <div class='ocr_carea' id='block_1_2' title="bbox 139 469 1630 2705">
    <p class='ocr_par' dir='ltr' id='par_1_2' title="bbox 139 469 1630 2705">
     <span class='ocr_line' id='line_1_2' title="bbox 139 469 1619 541; baseline -0.004 -14"><span class='ocrx_word' id='word_1_2' title='bbox 139 500 178 541; x_wconf 89' lang='lat' dir='ltr'>p.</span> <span class='ocrx_word' id='word_1_3' title='bbox 212 469 287 527; x_wconf 66' lang='lat'>36:</span> <span class='ocrx_word' id='word_1_4' title='bbox 336 485 519 538; x_wconf 86' lang='lat' dir='ltr'>„Lucian</span> <span class='ocrx_word' id='word_1_5' title='bbox 550 483 689 524; x_wconf 86' lang='lat' dir='ltr'>wollte</span> <span class='ocrx_word' id='word_1_6' title='bbox 719 483 762 523; x_wconf 92' lang='lat' dir='ltr'>in</span> <span class='ocrx_word' id='word_1_7' title='bbox 796 483 953 524; x_wconf 78' lang='lat' dir='ltr'>diesem</span> <span class='ocrx_word' id='word_1_8' title='bbox 984 482 1097 523; x_wconf 85' lang='lat' dir='ltr'>Tone</span> <span class='ocrx_word' id='word_1_9' title='bbox 1128 481 1345 523; x_wconf 90' lang='lat' dir='ltr'>schreiben</span> <span class='ocrx_word' id='word_1_10' title='bbox 1380 494 1451 522; x_wconf 93' lang='lat' dir='ltr'>um</span> <span class='ocrx_word' id='word_1_11' title='bbox 1486 480 1619 521; x_wconf 85' lang='lat' dir='ltr'>durch</span> 
     </span>
     <span class='ocr_line' id='line_1_3' title="bbox 140 563 1619 623; baseline -0.005 -13"><span class='ocrx_word' id='word_1_12' title='bbox 140 569 445 623; x_wconf 87' lang='lat' dir='ltr'>Nachahmung</span> <span class='ocrx_word' id='word_1_13' title='bbox 477 567 565 608; x_wconf 89' lang='lat' dir='ltr'>und</span> <span class='ocrx_word' id='word_1_14' title='bbox 595 565 865 607; x_wconf 85' lang='lat' dir='ltr'>absichtliche</span> <span class='ocrx_word' id='word_1_15' title='bbox 900 564 1239 618; x_wconf 84' lang='lat' dir='ltr'>Uebertreibung</span> <span class='ocrx_word' id='word_1_16' title='bbox 1273 564 1338 605; x_wconf 90' lang='lat' dir='ltr'>die</span> <span class='ocrx_word' id='word_1_17' title='bbox 1367 563 1619 605; x_wconf 84' lang='lat' dir='ltr'>Schriftstel-</span> 
     </span>
     <span class='ocr_line' id='line_1_4' title="bbox 140 646 1622 705; baseline -0.003 -13"><span class='ocrx_word' id='word_1_18' title='bbox 140 652 202 693; x_wconf 89' lang='lat' dir='ltr'>ler</span> <span class='ocrx_word' id='word_1_19' title='bbox 232 654 567 705; x_wconf 55' lang='lat' dir='ltr'>zu.verspotten,</span> <span class='ocrx_word' id='word_1_20' title='bbox 600 651 643 689; x_wconf 90' lang='lat' dir='ltr'>in</span> <span class='ocrx_word' id='word_1_21' title='bbox 678 649 804 690; x_wconf 87' lang='lat' dir='ltr'>deren</span> <span class='ocrx_word' id='word_1_22' title='bbox 840 648 1130 689; x_wconf 88' lang='lat' dir='ltr'>Lobschriften</span> <span class='ocrx_word' id='word_1_23' title='bbox 1156 648 1270 705; x_wconf 14' lang='lat' dir='ltr'>&#39;iiber</span> <span class='ocrx_word' id='word_1_24' title='bbox 1317 647 1382 688; x_wconf 88' lang='lat' dir='ltr'>die</span> <span class='ocrx_word' id='word_1_25' title='bbox 1409 646 1622 687; x_wconf 88' lang='lat' dir='ltr'>Pantomi-</span> 
     </span>
     <span class='ocr_line' id='line_1_5' title="bbox 142 729 1621 786; baseline -0.003 -11"><span class='ocrx_word' id='word_1_26' title='bbox 142 735 229 775; x_wconf 86' lang='lat' dir='ltr'>mik</span> <span class='ocrx_word' id='word_1_27' title='bbox 256 735 322 775; x_wconf 89' lang='lat' dir='ltr'>die</span> <span class='ocrx_word' id='word_1_28' title='bbox 347 734 609 775; x_wconf 87' lang='lat' dir='ltr'>seltsamsten</span> <span class='ocrx_word' id='word_1_29' title='bbox 638 731 775 786; x_wconf 90' lang='lat' dir='ltr'>Dinge</span> <span class='ocrx_word' id='word_1_30' title='bbox 803 730 1072 772; x_wconf 83' lang='lat' dir='ltr'>vorkamen.’⁷</span> <span class='ocrx_word' id='word_1_31' title='bbox 1102 729 1193 779; x_wconf 81' lang='lat' dir='ltr'>Quo</span> <span class='ocrx_word' id='word_1_32' title='bbox 1212 733 1351 771; x_wconf 90' lang='lat' dir='ltr'>autem</span> <span class='ocrx_word' id='word_1_33' title='bbox 1372 733 1621 784; x_wconf 86' lang='lat' dir='ltr'>argumento</span> 
     </span>
     <span class='ocr_line' id='line_1_6' title="bbox 141 813 1623 869; baseline -0.005 -9"><span class='ocrx_word' id='word_1_34' title='bbox 141 819 248 859; x_wconf 89' lang='lat' dir='ltr'>hanc</span> <span class='ocrx_word' id='word_1_35' title='bbox 280 819 487 859; x_wconf 88' lang='lat' dir='ltr'>satiricam</span> <span class='ocrx_word' id='word_1_36' title='bbox 521 816 673 869; x_wconf 82' lang='lat' dir='ltr'>dialogi</span> <span class='ocrx_word' id='word_1_37' title='bbox 704 815 888 856; x_wconf 81' lang='lat' dir='ltr'>indolem</span> <span class='ocrx_word' id='word_1_38' title='bbox 918 813 1191 868; x_wconf 88' lang='lat' dir='ltr'>comprobare</span> <span class='ocrx_word' id='word_1_39' title='bbox 1218 813 1387 866; x_wconf 88' lang='lat' dir='ltr'>vellent,</span> <span class='ocrx_word' id='word_1_40' title='bbox 1415 814 1495 853; x_wconf 84' lang='lat' dir='ltr'>viri</span> <span class='ocrx_word' id='word_1_41' title='bbox 1513 813 1623 853; x_wconf 89' lang='lat' dir='ltr'>docti</span> 
     </span>
     <span class='ocr_line' id='line_1_7' title="bbox 140 897 1614 955; baseline -0.004 -12"><span class='ocrx_word' id='word_1_42' title='bbox 140 902 325 943; x_wconf 86' lang='lat' dir='ltr'>indicare</span> <span class='ocrx_word' id='word_1_43' title='bbox 371 900 696 955; x_wconf 85' lang='lat' dir='ltr'>supersederunt</span> <span class='ocrx_word' id='word_1_44' title='bbox 743 903 781 940; x_wconf 90' lang='lat' dir='ltr'>et</span> <span class='ocrx_word' id='word_1_45' title='bbox 829 899 931 939; x_wconf 86' lang='lat' dir='ltr'>mihi</span> <span class='ocrx_word' id='word_1_46' title='bbox 979 899 1167 939; x_wconf 88' lang='lat' dir='ltr'>nondum</span> <span class='ocrx_word' id='word_1_47' title='bbox 1216 899 1419 952; x_wconf 86' lang='lat' dir='ltr'>apparuit.</span> <span class='ocrx_word' id='word_1_48' title='bbox 1478 897 1614 938; x_wconf 89' lang='lat' dir='ltr'>Immo</span> 
     </span>
     <span class='ocr_line' id='line_1_8' title="bbox 145 968 1624 1039; baseline -0.004 -13"><span class='ocrx_word' id='word_1_49' title='bbox 145 998 220 1039; x_wconf 89' lang='lat' dir='ltr'>pro</span> <span class='ocrx_word' id='word_1_50' title='bbox 251 988 361 1026; x_wconf 86' lang='lat' dir='ltr'>certo</span> <span class='ocrx_word' id='word_1_51' title='bbox 398 968 604 1025; x_wconf 82' lang='lat' dir='ltr'>affirmare</span> <span class='ocrx_word' id='word_1_52' title='bbox 635 983 767 1023; x_wconf 80' lang='lat' dir='ltr'>audeo</span> <span class='ocrx_word' id='word_1_53' title='bbox 802 982 1026 1036; x_wconf 72' lang='lat' dir='ltr'>dialogum,</span> <span class='ocrx_word' id='word_1_54' title='bbox 1062 995 1144 1036; x_wconf 86' lang='lat' dir='ltr'>quo</span> <span class='ocrx_word' id='word_1_55' title='bbox 1176 980 1377 1034; x_wconf 86' lang='lat' dir='ltr'>Lucinus,</span> <span class='ocrx_word' id='word_1_56' title='bbox 1410 980 1503 1033; x_wconf 87' lang='lat' dir='ltr'>(sub</span> <span class='ocrx_word' id='word_1_57' title='bbox 1540 994 1624 1034; x_wconf 87' lang='lat' dir='ltr'>qua</span> 
     </span>
     <span class='ocr_line' id='line_1_9' title="bbox 143 1063 1623 1122; baseline -0.004 -13"><span class='ocrx_word' id='word_1_58' title='bbox 143 1081 321 1122; x_wconf 89' lang='lat' dir='ltr'>persona</span> <span class='ocrx_word' id='word_1_59' title='bbox 364 1068 451 1121; x_wconf 89' lang='lat' dir='ltr'>ipse</span> <span class='ocrx_word' id='word_1_60' title='bbox 496 1066 708 1107; x_wconf 86' lang='lat' dir='ltr'>Lucianus</span> <span class='ocrx_word' id='word_1_61' title='bbox 756 1066 868 1116; x_wconf 90' lang='lat' dir='ltr'>latet)</span> <span class='ocrx_word' id='word_1_62' title='bbox 918 1069 1048 1106; x_wconf 84' lang='lat' dir='ltr'>artem</span> <span class='ocrx_word' id='word_1_63' title='bbox 1097 1065 1330 1105; x_wconf 76' lang='lat' dir='ltr'>saltationis</span> <span class='ocrx_word' id='word_1_64' title='bbox 1374 1077 1397 1104; x_wconf 88' lang='lat' dir='ltr'>a</span> <span class='ocrx_word' id='word_1_65' title='bbox 1431 1063 1623 1104; x_wconf 82' lang='lat' dir='ltr'>Cratonis</span> 
     </span>
     <span class='ocr_line' id='line_1_10' title="bbox 144 1146 1623 1202; baseline -0.003 -11"><span class='ocrx_word' id='word_1_66' title='bbox 144 1151 362 1191; x_wconf 87' lang='lat' dir='ltr'>cuiusdam</span> <span class='ocrx_word' id='word_1_67' title='bbox 407 1149 654 1190; x_wconf 80' lang='lat' dir='ltr'>criminibus</span> <span class='ocrx_word' id='word_1_68' title='bbox 700 1148 920 1189; x_wconf 84' lang='lat' dir='ltr'>defendere</span> <span class='ocrx_word' id='word_1_69' title='bbox 954 1148 1140 1202; x_wconf 84' lang='lat' dir='ltr'>fingitur,</span> <span class='ocrx_word' id='word_1_70' title='bbox 1172 1161 1256 1188; x_wconf 88' lang='lat' dir='ltr'>non</span> <span class='ocrx_word' id='word_1_71' title='bbox 1290 1148 1459 1188; x_wconf 87' lang='lat' dir='ltr'>satiram</span> <span class='ocrx_word' id='word_1_72' title='bbox 1492 1146 1623 1187; x_wconf 87' lang='lat' dir='ltr'>fuisse</span> 
     </span>
     <span class='ocr_line' id='line_1_11' title="bbox 147 1230 1622 1288; baseline -0.004 -12"><span class='ocrx_word' id='word_1_73' title='bbox 147 1234 219 1276; x_wconf 86' lang='lat' dir='ltr'>sed</span> <span class='ocrx_word' id='word_1_74' title='bbox 265 1235 403 1288; x_wconf 88' lang='lat' dir='ltr'>potius</span> <span class='ocrx_word' id='word_1_75' title='bbox 445 1233 496 1274; x_wconf 90' lang='lat' dir='ltr'>ad</span> <span class='ocrx_word' id='word_1_76' title='bbox 538 1233 858 1286; x_wconf 84' lang='lat' dir='ltr'>sophisticarum</span> <span class='ocrx_word' id='word_1_77' title='bbox 901 1231 1189 1272; x_wconf 80' lang='lat' dir='ltr'>laudationum</span> <span class='ocrx_word' id='word_1_78' title='bbox 1234 1243 1325 1272; x_wconf 84' lang='lat' dir='ltr'>esse</span> <span class='ocrx_word' id='word_1_79' title='bbox 1356 1230 1622 1272; x_wconf 88' lang='lat' dir='ltr'>referendum</span> 
     </span>
     <span class='ocr_line' id='line_1_12' title="bbox 145 1313 1624 1371; baseline -0.003 -13"><span class='ocrx_word' id='word_1_80' title='bbox 145 1330 291 1371; x_wconf 89' lang='lat' dir='ltr'>genus.</span> <span class='ocrx_word' id='word_1_81' title='bbox 323 1316 366 1357; x_wconf 82' lang='lat' dir='ltr'>Si</span> <span class='ocrx_word' id='word_1_82' title='bbox 400 1317 512 1357; x_wconf 88' lang='lat' dir='ltr'>enim</span> <span class='ocrx_word' id='word_1_83' title='bbox 543 1315 695 1356; x_wconf 90' lang='lat' dir='ltr'>Lucini</span> <span class='ocrx_word' id='word_1_84' title='bbox 729 1314 867 1355; x_wconf 85' lang='lat' dir='ltr'>verbis</span> <span class='ocrx_word' id='word_1_85' title='bbox 895 1314 1062 1355; x_wconf 89' lang='lat' dir='ltr'>credere</span> <span class='ocrx_word' id='word_1_86' title='bbox 1090 1314 1197 1367; x_wconf 86' lang='lat' dir='ltr'>licet,</span> <span class='ocrx_word' id='word_1_87' title='bbox 1226 1313 1395 1354; x_wconf 90' lang='lat' dir='ltr'>mimica</span> <span class='ocrx_word' id='word_1_88' title='bbox 1423 1327 1491 1354; x_wconf 88' lang='lat' dir='ltr'>ars</span> <span class='ocrx_word' id='word_1_89' title='bbox 1524 1326 1624 1368; x_wconf 86' lang='lat' dir='ltr'>prae</span> 
     </span>
     <span class='ocr_line' id='line_1_13' title="bbox 147 1397 1624 1454; baseline -0.003 -13"><span class='ocrx_word' id='word_1_90' title='bbox 147 1400 358 1454; x_wconf 83' lang='lat' dir='ltr'>tragoedia</span> <span class='ocrx_word' id='word_1_91' title='bbox 385 1403 425 1440; x_wconf 88' lang='lat' dir='ltr'>et</span> <span class='ocrx_word' id='word_1_92' title='bbox 451 1399 664 1440; x_wconf 88' lang='lat' dir='ltr'>comoedia</span> <span class='ocrx_word' id='word_1_93' title='bbox 680 1402 718 1439; x_wconf 88' lang='lat' dir='ltr'>et</span> <span class='ocrx_word' id='word_1_94' title='bbox 735 1399 998 1452; x_wconf 85' lang='lat' dir='ltr'>gymnastica</span> <span class='ocrx_word' id='word_1_95' title='bbox 1016 1398 1236 1451; x_wconf 74' lang='lat' dir='ltr'>disciplina</span> <span class='ocrx_word' id='word_1_96' title='bbox 1257 1398 1438 1438; x_wconf 87' lang='lat' dir='ltr'>multum</span> <span class='ocrx_word' id='word_1_97' title='bbox 1458 1397 1624 1438; x_wconf 79' lang='lat' dir='ltr'>excellit</span> 
     </span>
     <span class='ocr_line' id='line_1_14' title="bbox 147 1481 1624 1538; baseline -0.003 -13"><span class='ocrx_word' id='word_1_98' title='bbox 147 1487 272 1538; x_wconf 86' lang='lat' dir='ltr'>atque</span> <span class='ocrx_word' id='word_1_99' title='bbox 299 1497 383 1524; x_wconf 89' lang='lat' dir='ltr'>una</span> <span class='ocrx_word' id='word_1_100' title='bbox 411 1487 473 1524; x_wconf 89' lang='lat' dir='ltr'>est</span> <span class='ocrx_word' id='word_1_101' title='bbox 499 1483 549 1523; x_wconf 88' lang='lat' dir='ltr'>ad</span> <span class='ocrx_word' id='word_1_102' title='bbox 577 1483 794 1523; x_wconf 84' lang='lat' dir='ltr'>hominum</span> <span class='ocrx_word' id='word_1_103' title='bbox 825 1495 958 1522; x_wconf 84' lang='lat' dir='ltr'>mores</span> <span class='ocrx_word' id='word_1_104' title='bbox 986 1481 1305 1522; x_wconf 81' lang='lat' dir='ltr'>conformandos</span> <span class='ocrx_word' id='word_1_105' title='bbox 1323 1482 1624 1522; x_wconf 82' lang='lat' dir='ltr'>efficacissima.</span> 
     </span>
     <span class='ocr_line' id='line_1_15' title="bbox 146 1564 1623 1620; baseline -0.002 -13"><span class='ocrx_word' id='word_1_106' title='bbox 146 1567 242 1607; x_wconf 89' lang='lat' dir='ltr'>Alia</span> <span class='ocrx_word' id='word_1_107' title='bbox 272 1579 337 1607; x_wconf 85' lang='lat' dir='ltr'>res</span> <span class='ocrx_word' id='word_1_108' title='bbox 372 1579 540 1620; x_wconf 88' lang='lat' dir='ltr'>quoque</span> <span class='ocrx_word' id='word_1_109' title='bbox 572 1565 693 1606; x_wconf 90' lang='lat' dir='ltr'>nobis</span> <span class='ocrx_word' id='word_1_110' title='bbox 726 1566 921 1619; x_wconf 81' lang='lat' dir='ltr'>suppetit,</span> <span class='ocrx_word' id='word_1_111' title='bbox 950 1578 1068 1618; x_wconf 86' lang='lat' dir='ltr'>quae,</span> <span class='ocrx_word' id='word_1_112' title='bbox 1097 1565 1243 1618; x_wconf 87' lang='lat' dir='ltr'>quanti</span> <span class='ocrx_word' id='word_1_113' title='bbox 1261 1564 1475 1605; x_wconf 86' lang='lat' dir='ltr'>Lucianus</span> <span class='ocrx_word' id='word_1_114' title='bbox 1493 1569 1623 1605; x_wconf 84' lang='lat' dir='ltr'>artem</span> 
     </span>
     <span class='ocr_line' id='line_1_16' title="bbox 147 1648 1625 1702; baseline -0.001 -12"><span class='ocrx_word' id='word_1_115' title='bbox 147 1651 370 1691; x_wconf 88' lang='lat' dir='ltr'>mimorum</span> <span class='ocrx_word' id='word_1_116' title='bbox 418 1649 574 1702; x_wconf 82' lang='lat' dir='ltr'>fecerit,</span> <span class='ocrx_word' id='word_1_117' title='bbox 620 1649 759 1689; x_wconf 85' lang='lat' dir='ltr'>lucide</span> <span class='ocrx_word' id='word_1_118' title='bbox 807 1648 1010 1700; x_wconf 72' lang='lat' dir='ltr'>declarat3</span> <span class='ocrx_word' id='word_1_119' title='bbox 1056 1650 1100 1688; x_wconf 88' lang='lat' dir='ltr'>in</span> <span class='ocrx_word' id='word_1_120' title='bbox 1149 1649 1276 1689; x_wconf 89' lang='lat' dir='ltr'>altera</span> <span class='ocrx_word' id='word_1_121' title='bbox 1318 1650 1428 1689; x_wconf 89' lang='lat' dir='ltr'>enim</span> <span class='ocrx_word' id='word_1_122' title='bbox 1471 1648 1625 1702; x_wconf 86' lang='lat' dir='ltr'>dialogi</span> 
     </span>
     <span class='ocr_line' id='line_1_17' title="bbox 147 1732 1625 1788; baseline -0.001 -14"><span class='ocrx_word' id='word_1_123' title='bbox 147 1737 263 1788; x_wconf 90' lang='lat' dir='ltr'>parte</span> <span class='ocrx_word' id='word_1_124' title='bbox 303 1734 471 1788; x_wconf 87' lang='lat' dir='ltr'>longam</span> <span class='ocrx_word' id='word_1_125' title='bbox 509 1733 747 1773; x_wconf 86' lang='lat' dir='ltr'>fabularum</span> <span class='ocrx_word' id='word_1_126' title='bbox 789 1733 1052 1773; x_wconf 88' lang='lat' dir='ltr'>mimicarum</span> <span class='ocrx_word' id='word_1_127' title='bbox 1087 1733 1236 1773; x_wconf 87' lang='lat' dir='ltr'>seriem</span> <span class='ocrx_word' id='word_1_128' title='bbox 1271 1732 1490 1786; x_wconf 83' lang='lat' dir='ltr'>diligenter</span> <span class='ocrx_word' id='word_1_129' title='bbox 1523 1746 1625 1773; x_wconf 92' lang='lat' dir='ltr'>enu-</span> 
     </span>
     <span class='ocr_line' id='line_1_18' title="bbox 149 1815 1625 1870; baseline 0 -13"><span class='ocrx_word' id='word_1_130' title='bbox 149 1820 290 1870; x_wconf 91' lang='lat' dir='ltr'>merat,</span> <span class='ocrx_word' id='word_1_131' title='bbox 330 1817 403 1857; x_wconf 91' lang='lat' dir='ltr'>ubi</span> <span class='ocrx_word' id='word_1_132' title='bbox 445 1818 620 1870; x_wconf 87' lang='lat' dir='ltr'>scriptor</span> <span class='ocrx_word' id='word_1_133' title='bbox 663 1829 738 1857; x_wconf 92' lang='lat' dir='ltr'>nos</span> <span class='ocrx_word' id='word_1_134' title='bbox 782 1816 913 1868; x_wconf 88' lang='lat' dir='ltr'>docet,</span> <span class='ocrx_word' id='word_1_135' title='bbox 956 1829 1246 1869; x_wconf 86' lang='lat' dir='ltr'>quascumque</span> <span class='ocrx_word' id='word_1_136' title='bbox 1288 1815 1449 1857; x_wconf 88' lang='lat' dir='ltr'>fabulas</span> <span class='ocrx_word' id='word_1_137' title='bbox 1482 1820 1625 1870; x_wconf 87' lang='lat' dir='ltr'>poetae</span> 
     </span>
     <span class='ocr_line' id='line_1_19' title="bbox 149 1899 1628 1954; baseline -0.001 -13"><span class='ocrx_word' id='word_1_138' title='bbox 149 1901 254 1954; x_wconf 89' lang='lat' dir='ltr'>epici</span> <span class='ocrx_word' id='word_1_139' title='bbox 300 1900 396 1941; x_wconf 90' lang='lat' dir='ltr'>olim</span> <span class='ocrx_word' id='word_1_140' title='bbox 441 1903 722 1952; x_wconf 82' lang='lat' dir='ltr'>cantaverant,</span> <span class='ocrx_word' id='word_1_141' title='bbox 765 1900 1042 1953; x_wconf 85' lang='lat' dir='ltr'>pantomimos</span> <span class='ocrx_word' id='word_1_142' title='bbox 1084 1899 1398 1939; x_wconf 85' lang='lat' dir='ltr'>Antoninorum</span> <span class='ocrx_word' id='word_1_143' title='bbox 1446 1912 1547 1940; x_wconf 86' lang='lat' dir='ltr'>aevo</span> <span class='ocrx_word' id='word_1_144' title='bbox 1581 1902 1628 1940; x_wconf 88' lang='lat' dir='ltr'>ut</span> 
     </span>
     <span class='ocr_line' id='line_1_20' title="bbox 150 1981 1628 2037; baseline -0.001 -13"><span class='ocrx_word' id='word_1_145' title='bbox 150 1983 337 2024; x_wconf 86' lang='lat' dir='ltr'>saltando</span> <span class='ocrx_word' id='word_1_146' title='bbox 371 1984 653 2037; x_wconf 78' lang='lat' dir='ltr'>exprimerent</span> <span class='ocrx_word' id='word_1_147' title='bbox 687 1983 911 2023; x_wconf 84' lang='lat' dir='ltr'>studuisse.</span> <span class='ocrx_word' id='word_1_148' title='bbox 946 1981 1037 2030; x_wconf 80' lang='lat' dir='ltr'>Qua</span> <span class='ocrx_word' id='word_1_149' title='bbox 1069 1983 1111 2022; x_wconf 90' lang='lat' dir='ltr'>in</span> <span class='ocrx_word' id='word_1_150' title='bbox 1147 1986 1234 2023; x_wconf 91' lang='lat' dir='ltr'>arte</span> <span class='ocrx_word' id='word_1_151' title='bbox 1267 1986 1472 2036; x_wconf 86' lang='lat' dir='ltr'>quantum</span> <span class='ocrx_word' id='word_1_152' title='bbox 1493 1984 1628 2023; x_wconf 83' lang='lat' dir='ltr'>sceni-</span> 
     </span>
     <span class='ocr_line' id='line_1_21' title="bbox 150 2065 1628 2120; baseline 0 -13"><span class='ocrx_word' id='word_1_153' title='bbox 150 2067 208 2107; x_wconf 88' lang='lat' dir='ltr'>cis</span> <span class='ocrx_word' id='word_1_154' title='bbox 257 2067 513 2107; x_wconf 88' lang='lat' dir='ltr'>ornamentis</span> <span class='ocrx_word' id='word_1_155' title='bbox 561 2065 691 2118; x_wconf 81' lang='lat' dir='ltr'>adjuti</span> <span class='ocrx_word' id='word_1_156' title='bbox 733 2067 948 2106; x_wconf 78' lang='lat' dir='ltr'>consecuti</span> <span class='ocrx_word' id='word_1_157' title='bbox 986 2067 1081 2118; x_wconf 87' lang='lat' dir='ltr'>sint,</span> <span class='ocrx_word' id='word_1_158' title='bbox 1111 2065 1231 2106; x_wconf 84' lang='lat' dir='ltr'>facile</span> <span class='ocrx_word' id='word_1_159' title='bbox 1262 2079 1461 2120; x_wconf 87' lang='lat' dir='ltr'>apparere</span> <span class='ocrx_word' id='word_1_160' title='bbox 1492 2069 1628 2120; x_wconf 88' lang='lat' dir='ltr'>potest</span> 
     </span>
     <span class='ocr_line' id='line_1_22' title="bbox 150 2149 1628 2204; baseline -0.001 -13"><span class='ocrx_word' id='word_1_161' title='bbox 150 2163 204 2191; x_wconf 83' lang='lat' dir='ltr'>ex</span> <span class='ocrx_word' id='word_1_162' title='bbox 235 2151 504 2191; x_wconf 88' lang='lat' dir='ltr'>ornatissima</span> <span class='ocrx_word' id='word_1_163' title='bbox 536 2149 822 2203; x_wconf 85' lang='lat' dir='ltr'>descriptione,</span> <span class='ocrx_word' id='word_1_164' title='bbox 855 2163 981 2203; x_wconf 84' lang='lat' dir='ltr'>quam</span> <span class='ocrx_word' id='word_1_165' title='bbox 1010 2150 1218 2203; x_wconf 86' lang='lat' dir='ltr'>Apuleius</span> <span class='ocrx_word' id='word_1_166' title='bbox 1249 2151 1292 2189; x_wconf 92' lang='lat' dir='ltr'>in</span> <span class='ocrx_word' id='word_1_167' title='bbox 1321 2149 1628 2204; x_wconf 86' lang='lat' dir='ltr'>Metamorpho-</span> 
     </span>
     <span class='ocr_line' id='line_1_23' title="bbox 150 2232 1556 2286; baseline 0 -12"><span class='ocrx_word' id='word_1_168' title='bbox 150 2233 266 2274; x_wconf 93' lang='lat' dir='ltr'>sibus</span> <span class='ocrx_word' id='word_1_169' title='bbox 300 2232 373 2285; x_wconf 85' lang='lat' dir='ltr'>(X.</span> <span class='ocrx_word' id='word_1_170' title='bbox 410 2233 597 2286; x_wconf 80' lang='lat'>29—33)</span> <span class='ocrx_word' id='word_1_171' title='bbox 633 2233 682 2273; x_wconf 91' lang='lat' dir='ltr'>de</span> <span class='ocrx_word' id='word_1_172' title='bbox 714 2232 855 2273; x_wconf 86' lang='lat' dir='ltr'>fabula</span> <span class='ocrx_word' id='word_1_173' title='bbox 885 2232 1048 2274; x_wconf 88' lang='lat' dir='ltr'>Paridis</span> <span class='ocrx_word' id='word_1_174' title='bbox 1081 2233 1250 2273; x_wconf 81' lang='lat' dir='ltr'>Judicio</span> <span class='ocrx_word' id='word_1_175' title='bbox 1282 2233 1403 2274; x_wconf 88' lang='lat' dir='ltr'>nobis</span> <span class='ocrx_word' id='word_1_176' title='bbox 1433 2234 1556 2274; x_wconf 86' lang='lat' dir='ltr'>dedit.</span> 
     </span>
     <span class='ocr_line' id='line_1_24' title="bbox 208 2316 1629 2371; baseline 0.001 -14"><span class='ocrx_word' id='word_1_177' title='bbox 208 2317 385 2371; x_wconf 85' lang='lat' dir='ltr'>Egregie</span> <span class='ocrx_word' id='word_1_178' title='bbox 429 2318 558 2371; x_wconf 87' lang='lat' dir='ltr'>igitur</span> <span class='ocrx_word' id='word_1_179' title='bbox 598 2316 757 2357; x_wconf 89' lang='lat' dir='ltr'>fallitur</span> <span class='ocrx_word' id='word_1_180' title='bbox 801 2330 837 2356; x_wconf 85' lang='lat' dir='ltr'>v.</span> <span class='ocrx_word' id='word_1_181' title='bbox 880 2317 916 2357; x_wconf 86' lang='lat' dir='ltr'>d.</span> <span class='ocrx_word' id='word_1_182' title='bbox 959 2316 1251 2370; x_wconf 77' lang='lat' dir='ltr'>Sohulzeus1),</span> <span class='ocrx_word' id='word_1_183' title='bbox 1286 2318 1369 2370; x_wconf 86' lang='lat' dir='ltr'>qui,</span> <span class='ocrx_word' id='word_1_184' title='bbox 1402 2330 1497 2358; x_wconf 88' lang='lat' dir='ltr'>cum</span> <span class='ocrx_word' id='word_1_185' title='bbox 1530 2330 1629 2359; x_wconf 90' lang='lat' dir='ltr'>nos-</span> 
     </span>
     <span class='ocr_line' id='line_1_25' title="bbox 151 2399 1628 2455; baseline 0 -14"><span class='ocrx_word' id='word_1_186' title='bbox 151 2403 257 2441; x_wconf 89' lang='lat' dir='ltr'>tram</span> <span class='ocrx_word' id='word_1_187' title='bbox 311 2400 650 2441; x_wconf 90' lang='lat' dir='ltr'>declamationem</span> <span class='ocrx_word' id='word_1_188' title='bbox 699 2400 749 2440; x_wconf 87' lang='lat' dir='ltr'>ab</span> <span class='ocrx_word' id='word_1_189' title='bbox 797 2399 983 2440; x_wconf 89' lang='lat' dir='ltr'>Luciano</span> <span class='ocrx_word' id='word_1_190' title='bbox 1029 2400 1296 2454; x_wconf 83' lang='lat' dir='ltr'>abjudicaret,</span> <span class='ocrx_word' id='word_1_191' title='bbox 1344 2401 1403 2441; x_wconf 90' lang='lat' dir='ltr'>sic</span> <span class='ocrx_word' id='word_1_192' title='bbox 1438 2402 1628 2455; x_wconf 86' lang='lat' dir='ltr'>scripsit:</span> 
     </span>
     <span class='ocr_line' id='line_1_26' title="bbox 156 2483 1622 2538; baseline 0.001 -14"><span class='ocrx_word' id='word_1_193' title='bbox 156 2483 238 2536; x_wconf 86' lang='lat' dir='ltr'>„Es</span> <span class='ocrx_word' id='word_1_194' title='bbox 283 2484 382 2538; x_wconf 87' lang='lat' dir='ltr'>liegt</span> <span class='ocrx_word' id='word_1_195' title='bbox 429 2483 504 2524; x_wconf 85' lang='lat' dir='ltr'>auf</span> <span class='ocrx_word' id='word_1_196' title='bbox 549 2484 621 2524; x_wconf 91' lang='lat' dir='ltr'>der</span> <span class='ocrx_word' id='word_1_197' title='bbox 666 2483 804 2536; x_wconf 87' lang='lat' dir='ltr'>Hand,</span> <span class='ocrx_word' id='word_1_198' title='bbox 852 2484 946 2525; x_wconf 89' lang='lat' dir='ltr'>dass</span> <span class='ocrx_word' id='word_1_199' title='bbox 995 2497 1040 2525; x_wconf 88' lang='lat' dir='ltr'>so</span> <span class='ocrx_word' id='word_1_200' title='bbox 1073 2484 1267 2525; x_wconf 88' lang='lat' dir='ltr'>seltsame</span> <span class='ocrx_word' id='word_1_201' title='bbox 1299 2484 1531 2525; x_wconf 88' lang='lat' dir='ltr'>Ansichten</span> <span class='ocrx_word' id='word_1_202' title='bbox 1565 2486 1622 2525; x_wconf 91' lang='lat' dir='ltr'>im</span> 
     </span>
     <span class='ocr_line' id='line_1_27' title="bbox 151 2567 1630 2623; baseline 0.001 -16"><span class='ocrx_word' id='word_1_203' title='bbox 151 2567 262 2609; x_wconf 84' lang='lat' dir='ltr'>Tone</span> <span class='ocrx_word' id='word_1_204' title='bbox 310 2568 382 2608; x_wconf 90' lang='lat' dir='ltr'>der</span> <span class='ocrx_word' id='word_1_205' title='bbox 425 2567 763 2622; x_wconf 85' lang='lat' dir='ltr'>Ueberzeugung</span> <span class='ocrx_word' id='word_1_206' title='bbox 795 2571 1080 2622; x_wconf 85' lang='lat' dir='ltr'>vorgetragen,</span> <span class='ocrx_word' id='word_1_207' title='bbox 1113 2568 1207 2608; x_wconf 88' lang='lat' dir='ltr'>dem</span> <span class='ocrx_word' id='word_1_208' title='bbox 1240 2581 1321 2608; x_wconf 87' lang='lat' dir='ltr'>von</span> <span class='ocrx_word' id='word_1_209' title='bbox 1352 2568 1522 2623; x_wconf 84' lang='lat' dir='ltr'>Jugend</span> <span class='ocrx_word' id='word_1_210' title='bbox 1555 2568 1630 2609; x_wconf 90' lang='lat' dir='ltr'>auf</span> 
     </span>
     <span class='ocr_line' id='line_1_28' title="bbox 153 2649 1622 2705; baseline 0.001 -14"><span class='ocrx_word' id='word_1_211' title='bbox 153 2651 227 2691; x_wconf 86' lang='lat' dir='ltr'>mit</span> <span class='ocrx_word' id='word_1_212' title='bbox 258 2651 540 2705; x_wconf 84' lang='lat' dir='ltr'>griechischer</span> <span class='ocrx_word' id='word_1_213' title='bbox 570 2649 795 2692; x_wconf 84' lang='lat' dir='ltr'>Litteratur</span> <span class='ocrx_word' id='word_1_214' title='bbox 821 2650 1118 2705; x_wconf 75' lang='lat' dir='ltr'>beschaftigten</span> <span class='ocrx_word' id='word_1_215' title='bbox 1146 2651 1433 2705; x_wconf 78' lang='lat' dir='ltr'>aufgeklarten</span> <span class='ocrx_word' id='word_1_216' title='bbox 1462 2651 1622 2693; x_wconf 81' lang='lat' dir='ltr'>Lucian</span> 
     </span>
    </p>
   </div>
   <div class='ocr_carea' id='block_1_3' title="bbox 155 2770 345 2774">
    <p class='ocr_par' dir='ltr' id='par_1_3' title="bbox 155 2770 345 2774">
     <span class='ocr_line' id='line_1_29' title="bbox 155 2770 345 2774; baseline 0 0"><span class='ocrx_word' id='word_1_217' title='bbox 155 2770 345 2774; x_wconf 95' lang='lat' dir='ltr'> </span> 
     </span>
    </p>
   </div>
   <div class='ocr_carea' id='block_1_4' title="bbox 197 2836 850 2882">
    <p class='ocr_par' dir='ltr' id='par_1_4' title="bbox 197 2836 850 2882">
     <span class='ocr_line' id='line_1_30' title="bbox 197 2836 850 2882; baseline 0.002 -12"><span class='ocrx_word' id='word_1_218' title='bbox 197 2838 232 2882; x_wconf 84' lang='lat'>1)</span> <span class='ocrx_word' id='word_1_219' title='bbox 257 2839 323 2872; x_wconf 80' lang='lat' dir='ltr'>cfr.</span> <span class='ocrx_word' id='word_1_220' title='bbox 350 2838 372 2870; x_wconf 84' lang='lat' dir='ltr'><strong>F</strong></span> <span class='ocrx_word' id='word_1_221' title='bbox 376 2839 458 2880; x_wconf 87' lang='lat' dir='ltr'>leck,</span> <span class='ocrx_word' id='word_1_222' title='bbox 483 2839 597 2871; x_wconf 86' lang='lat' dir='ltr'>Jahrb.</span> <span class='ocrx_word' id='word_1_223' title='bbox 620 2837 696 2877; x_wconf 82' lang='lat'>143,</span> <span class='ocrx_word' id='word_1_224' title='bbox 720 2848 750 2880; x_wconf 89' lang='lat' dir='ltr'>p.</span> <span class='ocrx_word' id='word_1_225' title='bbox 774 2836 850 2871; x_wconf 78' lang='lat'><strong>823.</strong></span> 
     </span>
    </p>
   </div>
  </div>
 </body>
</html>
