1934 3334
227 464 426 506 Γαλάτεια
456 466 660 508 Alexidis.

223 548 287 591 De
316 549 498 603 Epicuro
531 551 786 591 mentionem
818 550 1000 592 faciunt:

224 630 487 689 Ἀνδροφόνος,
519 630 805 680 Συνεξαπατῶν
838 633 1026 688 Batonis,
1062 633 1269 687 Φιλέταιροι
1302 635 1544 692 Hegesippi.

223 715 275 756 In
304 717 443 770 ipsum
475 716 744 757 Aristotelem
775 717 942 758 nullum
976 719 1217 760 convicium
1244 720 1399 774 inveni,
1427 721 1501 761 sed
1528 721 1642 762 Peri-

166 799 347 853 patetici,
389 798 557 839 divitias
598 811 683 839 non
726 802 986 853 respuentes,
1031 813 1353 855 nonnumquam
1399 806 1643 857 carpuntur.

224 881 296 922 VI.
329 882 523 936 Angusto
556 882 725 923 vinculo
758 896 854 923 cum
888 882 1073 924 Deorum
1107 884 1282 939 dialogis
1314 886 1417 925 mihi
1444 887 1643 940 conjunc-

164 968 233 1007 tus
276 966 442 1006 videtur
470 964 737 1007 Prometheus
766 966 849 1007 sive
885 967 1104 1021 Caucasus,
1136 968 1209 1009 sed
1242 968 1292 1009 de
1324 970 1482 1010 comica
1513 970 1641 1011 huius

165 1049 300 1102 operis
337 1049 497 1102 origine
528 1049 632 1088 nihil
666 1050 766 1089 certi
798 1049 1007 1090 affirmare
1040 1050 1184 1091 audeo.
1220 1050 1325 1091 Nam
1359 1054 1455 1106 quis
1487 1053 1642 1094 discer-

164 1144 264 1173 nere
303 1135 452 1187 potest,
496 1136 638 1174 utrum
672 1132 899 1187 Lucianus,
931 1147 1027 1174 cum
1059 1134 1297 1176 Promethei
1328 1135 1515 1177 fabulam
1547 1137 1639 1178 refi-

165 1220 285 1270 ceret,
316 1217 575 1258 comoediam
604 1217 892 1271 paroediacam
925 1231 977 1258 an
1012 1219 1182 1259 satiram
1216 1218 1479 1274 Menippeam
1513 1221 1640 1274 (apud

164 1299 398 1341 Varronem
454 1301 564 1341 inter
608 1299 830 1354 Menippea
875 1301 1093 1342 invenitur
1143 1301 1444 1354 „Prometheus
1491 1303 1638 1356 liber'')

164 1387 336 1425 secutus
382 1384 446 1437 sit,
493 1384 559 1425 vel
598 1385 739 1438 potius
780 1396 802 1425 e
838 1397 915 1425 suo
947 1385 1116 1439 ingenio
1149 1385 1435 1438 Aeschyleum
1469 1387 1638 1429 Prome-

165 1467 307 1508 theum
340 1468 385 1507 in
416 1468 549 1508 risum
581 1469 807 1508 vocaverit.

221 1549 315 1590 VII.
346 1549 496 1604 Neque
526 1551 682 1591 certius
704 1551 918 1604 judicium
949 1551 1000 1592 de
1026 1550 1207 1593 Deorum
1239 1553 1437 1595 Concione
1454 1554 1639 1608 proferre

162 1645 351 1687 possum,
397 1634 496 1687 quia
541 1637 841 1687 argumentum
886 1634 1130 1688 Euphronis
1172 1635 1339 1678 fabulae
1380 1639 1483 1677 Θεῶν
1514 1636 1637 1690 ἀγοραί

162 1717 214 1758 ad
241 1718 357 1758 rixas
383 1718 656 1772 antiquorum
685 1719 915 1759 numinum
945 1731 1045 1759 cum
1077 1719 1166 1760 deis
1194 1721 1426 1775 peregrinis
1443 1734 1638 1764 revocare

161 1799 283 1841 nobis
330 1813 414 1841 non
461 1801 645 1855 amplius
687 1801 792 1842 licet.
837 1802 876 1841 A
914 1802 1132 1843 comoedia
1163 1805 1303 1844 tamen
1334 1804 1426 1845 illas
1460 1805 1637 1845 deorum

161 1897 324 1938 pugnas
368 1896 400 1925 e.
431 1897 470 1938 g.
516 1885 660 1924 contra
706 1883 931 1925 Sabazium
977 1888 1127 1939 gestas,
1175 1899 1261 1926 non
1309 1887 1466 1928 alienas
1509 1887 1640 1928 fuisse

161 1969 337 2008 testatur
373 1966 516 2007 fabula
562 1967 880 2021 Aristophanea,
927 1969 997 2008 cui
1042 1980 1200 2009 nomen
1248 1972 1310 2010 est
1354 1966 1482 2021 ῗΩροιι
1505 1967 1545 2022 1).
1580 1970 1640 2011 At

162 2049 386 2105 Menippus
431 2051 626 2091 satiricus
666 2050 842 2092 fortasse
876 2054 1037 2105 partem
1074 2050 1263 2093 Deorum
1301 2051 1523 2094 Ooncionis
1558 2053 1639 2095 sibi

161 2135 374 2176 vindicare
417 2137 564 2188 potest,
613 2135 713 2188 quia
758 2137 900 2175 noster
947 2135 1137 2189 dialogus
1179 2148 1276 2176 cum
1322 2136 1488 2177 duobus
1532 2137 1640 2188 aliis,

162 2219 236 2271 qui
282 2217 484 2270 Cynicam
533 2218 764 2258 doctrinam
813 2218 983 2272 spirant,
1031 2219 1282 2272 conjunctus
1325 2232 1416 2261 esse
1460 2221 1640 2261 videtur.

160 2300 276 2342 Inter
316 2314 439 2355 opera
481 2302 593 2342 enim
627 2300 803 2342 Luciani
836 2304 1026 2355 superest
1057 2301 1228 2353 Jupiter
1265 2302 1530 2356 confutatus,
1563 2303 1638 2344 ubi

162 2383 369 2437 Cyniscus
410 2385 586 2426 deorum
622 2388 872 2439 potestatem
917 2398 1091 2439 prorsus
1123 2385 1285 2427 nullam
1319 2399 1410 2428 esse
1443 2387 1638 2441 ostendit,

162 2469 272 2522 quia,
304 2481 412 2522 quae
441 2468 594 2509 Fatum
623 2471 662 2509 et
693 2468 848 2509 Parcae
874 2468 1114 2523 voluerunt,
1142 2472 1362 2523 tamquam
1381 2470 1637 2523 apparitores

160 2551 395 2605 perficiunt.
442 2552 567 2593 Unde
612 2552 807 2594 homines
852 2554 1111 2607 ignorantiae
1152 2565 1244 2594 csse
1283 2554 1555 2608 accusandos,
1601 2555 1637 2596 si

205 2750 237 2791 1)
275 2750 341 2782 Cic.
373 2751 413 2782 de
435 2751 496 2792 leg.
522 2751 564 2792 ΙΙ,
587 2749 641 2783 37.
665 2750 776 2782 Novos
799 2751 877 2783 deos
898 2751 946 2783 sic
970 2751 1212 2792 Aristophanes
1236 2754 1343 2792 vexat,
1368 2754 1407 2783 ut
1430 2750 1519 2793 apud
1541 2761 1622 2784 eum

159 2811 318 2844 Sabazius
337 2814 372 2843 et
393 2811 533 2852 quidam
554 2812 611 2843 alii
633 2812 680 2843 dii
707 2812 874 2854 peregrini
900 2811 1039 2844 iudicati
1064 2821 1083 2844 e
1107 2811 1242 2844 civitate
1264 2811 1457 2852 ejiciantur.
