1934 3334
830 344 884 383 45

172 484 299 525 Haud
337 485 479 525 minus
509 483 696 537 lepidum
731 494 915 522 errorem
951 481 1109 522 detexit
1139 480 1370 534 Nauckius‚
1404 493 1501 521 cum
1538 481 1589 521 ad

114 568 400 623 fragmentum
441 568 550 607 1297
597 566 666 619 (z
698 565 888 606 Eustath.
930 565 1112 617 946.26)
1147 563 1347 615 βαδίζουσι
1386 564 1425 604 αἱ
1457 563 1594 611 σηπίαι

117 651 222 693 κατὰ
267 649 372 703 ζιίγοέ
412 651 519 691 hanc
551 650 864 690 annotationem
899 647 1048 689 Kockii
1082 649 1311 689 invenisset
1347 660 1480 701 „quae
1510 647 1592 688 for-

116 739 227 777 tasse
267 748 321 776 ex
362 735 523 775 comica
553 734 657 774 lauti
691 732 876 773 convivii
911 732 1190 785 descriptione
1223 734 1420 785 excerpta
1453 730 1592 772 sunt.’'

116 819 193 860 Est
223 822 365 859 tamen
397 817 556 871 aliquid
588 818 697 857 inter
722 817 911 869 jocosam
948 815 1226 869 comoediam,
1255 815 1327 855 ubi
1345 815 1589 855 convivium

118 901 349 943 celebratur
380 904 419 942 et
450 900 686 941 Aristotelis
720 912 824 953 opus
856 898 1102 952 perdoctum
1138 897 1395 949 „Historiam
1415 898 1592 937 Anima-

117 985 265 1038 lium’',
298 985 371 1026 ubi
403 969 614 1038 sepiarum
648 984 735 1023 vita
768 982 1018 1024 describitur
1052 981 1104 1034 (5.
1125 982 1207 1033 22).

175 1069 272 1110 Jam
307 1070 417 1122 satis,
448 1069 581 1121 credo,
614 1067 914 1118 intelleximus,
948 1069 1104 1119 quanta
1141 1066 1518 1119 circumspectione
1551 1068 1591 1106 et

118 1154 279 1194 cautela
323 1154 367 1193 in
414 1151 605 1193 Versibus
654 1151 915 1191 comicorum
963 1148 1232 1189 restituendis
1281 1161 1385 1202 opus
1428 1149 1502 1199 sit3
1538 1161 1591 1189 ne

119 1237 214 1290 quis
246 1239 388 1276 tamen
420 1237 547 1289 putet,
582 1246 648 1274 me
679 1232 850 1274 cuilibet
882 1232 1023 1272 versui
1055 1243 1077 1272 e
1107 1231 1312 1272 rhetorico
1340 1230 1445 1271 libro
1463 1231 1589 1284 petito

117 1321 323 1361 comicam
370 1320 574 1373 originem
622 1317 833 1372 abrogare,
880 1317 958 1356 tria
1001 1328 1168 1370 ponam,
1213 1316 1394 1369 quaein
1430 1316 1590 1355 comico

116 1403 351 1458 fragmento
383 1403 568 1443 inveniri
601 1401 790 1443 debeant.

173 1486 319 1527 Primo
365 1486 596 1526 videndum
643 1489 716 1537 est,
764 1486 807 1524 in
851 1497 933 1538 quo
977 1484 1179 1537 scriptore
1212 1483 1340 1523 verba
1371 1483 1590 1536 legantur3

115 1571 197 1611 nisi
228 1571 339 1611 enim
374 1573 535 1610 constat
566 1581 664 1609 eum
699 1569 882 1609 comicos
914 1572 1056 1622 poetas
1085 1571 1277 1608 secutum
1308 1579 1410 1619 esse,
1435 1566 1591 1607 frustra

117 1665 263 1694 versus
294 1653 361 1694 vel
391 1652 626 1706 fragmenta
658 1664 860 1692 versuum
896 1664 1080 1705 quaeres.
1105 1650 1329 1703 Lucianus,
1348 1650 1591 1703 Alciphron‚

115 1735 405 1777 Aristaenetus
442 1737 581 1790 potius
613 1737 655 1775 in
689 1748 862 1776 censum
899 1736 1088 1785 veniunt,
1121 1748 1247 1788 quam
1282 1733 1490 1774 Aristides
1524 1733 1590 1774 vel

115 1819 194 1861 Dio
227 1820 452 1861 Prusaeus.

173 1903 365 1944 Secundo
396 1904 558 1945 indoles
591 1916 638 1944 ac
669 1906 817 1944 natura
848 1902 954 1956 libri7
986 1904 1029 1943 in
1064 1915 1147 1957 quo
1175 1903 1379 1943 comicam
1412 1914 1587 1942 manum

114 1969 392 2040 suspicamur,
433 1986 734 2026 consideranda
765 1989 837 2026 est.
869 1985 1019 2025 Timon
1052 1984 1290 2025 Lucianeus
1323 1985 1389 2025 vel
1422 1983 1588 2037 Dialogi

113 2067 335 2110 Meretricii
368 2069 648 2123 limpidiorem
682 2068 882 2122 praebent
913 2068 1085 2121 fontem,
1120 2082 1247 2122 quam
1281 2067 1386 2108 liber
1415 2067 1465 2108 de
1482 2066 1589 2108 Mer-

114 2153 212 2194 cede
245 2152 471 2193 Conductis
504 2152 569 2193 vel
600 2152 842 2192 Alexander
873 2151 1209 2192 Pseudomantis.

169 2236 331 2277 Ultimo
365 2240 504 2277 autem
539 2236 642 2288 loco,
676 2239 820 2276 utrum
857 2237 1086 2276 sententiae
1119 2236 1231 2276 color
1263 2236 1451 2276 comicus
1471 2235 1591 2288 adsit,

113 2334 165 2361 an
198 2333 271 2374 pro
305 2334 419 2362 mera
450 2320 631 2374 pedestri
663 2321 848 2361 oratione
881 2321 934 2361 sit
962 2320 1162 2373 habenda,
1194 2333 1346 2374 magna
1364 2320 1587 2374 prudentia

114 2416 366 2457 quaeramus
407 2416 579 2445 necesse
622 2406 694 2444 est.
739 2402 873 2452 Quam
906 2404 1139 2458 periculoso
1172 2407 1311 2444 autem
1345 2404 1389 2443 in
1422 2405 1588 2458 negotio

112 2491 312 2540 versetur,
352 2488 425 2541 qui
466 2499 520 2528 ex
562 2486 737 2527 Luciani
775 2487 972 2541 operibus
1006 2489 1218 2528 trimetros
1251 2488 1434 2528 comicos
1467 2488 1588 2528 resti-

113 2573 228 2611 tuere
275 2573 459 2622 conetur,
504 2571 570 2611 vel
618 2570 794 2611 Photius
841 2584 917 2611 nos
966 2571 1112 2611 docere
1154 2574 1298 2624 potest.
1342 2571 1426 2623 (cfr.
1471 2571 1511 2611 O.
1554 2571 1585 2611 I.

112 2653 180 2705 §4
211 2665 329 2694 meae
360 2653 676 2707 dissertationis,
708 2654 757 2694 de
785 2667 962 2695 numero
995 2655 1174 2694 oratorio
1203 2654 1313 2708 apud
1341 2653 1578 2695 Lucianum

111 2737 358 2790 perspicuo.)

167 2819 345 2873 Iamque
390 2833 574 2862 excursu
621 2821 671 2862 de
713 2820 984 2863 Comicorum
1026 2821 1275 2876 fragmentis
1307 2821 1578 2864 restituendis
