<?xml version="1.0" encoding="UTF-8"?>
<!DOCTYPE html PUBLIC "-//W3C//DTD XHTML 1.0 Transitional//EN"
    "http://www.w3.org/TR/xhtml1/DTD/xhtml1-transitional.dtd">
<html xmlns="http://www.w3.org/1999/xhtml" xml:lang="en" lang="en">
 <head>
  <title>
</title>
<meta http-equiv="Content-Type" content="text/html;charset=utf-8" />
  <meta name='ocr-system' content='tesseract 3.04.00' />
  <meta name='ocr-capabilities' content='ocr_page ocr_carea ocr_par ocr_line ocrx_word'/>
</head>
<body>
  <div class='ocr_page' id='page_1' title='image "./studialucianea00bolduoft_0027.png"; bbox 0 0 1934 3334; ppageno 0'>
   <div class='ocr_carea' id='block_1_1' title="bbox 847 341 898 380">
    <p class='ocr_par' dir='ltr' id='par_1_1' title="bbox 847 341 898 380">
     <span class='ocr_line' id='line_1_1' title="bbox 847 341 898 380; baseline 0 0"><span class='ocrx_word' id='word_1_1' title='bbox 847 341 898 380; x_wconf 87' lang='lat'>13</span> 
     </span>
    </p>
   </div>
   <div class='ocr_carea' id='block_1_2' title="bbox 127 479 1604 1199">
    <p class='ocr_par' dir='ltr' id='par_1_2' title="bbox 127 479 1604 1199">
     <span class='ocr_line' id='line_1_2' title="bbox 134 479 1602 536; baseline 0.001 -16"><span class='ocrx_word' id='word_1_2' title='bbox 134 479 322 521; x_wconf 86' lang='lat' dir='ltr'>Comicos</span> <span class='ocrx_word' id='word_1_3' title='bbox 364 483 403 522; x_wconf 89' lang='lat' dir='ltr'>et</span> <span class='ocrx_word' id='word_1_4' title='bbox 444 479 684 533; x_wconf 79' lang='lat' dir='ltr'>Menippum</span> <span class='ocrx_word' id='word_1_5' title='bbox 728 483 898 520; x_wconf 87' lang='lat' dir='ltr'>secutus</span> <span class='ocrx_word' id='word_1_6' title='bbox 931 493 952 521; x_wconf 91' lang='lat' dir='ltr'>e</span> <span class='ocrx_word' id='word_1_7' title='bbox 984 481 1147 522; x_wconf 82' lang='lat' dir='ltr'>rhetore</span> <span class='ocrx_word' id='word_1_8' title='bbox 1181 494 1329 523; x_wconf 90' lang='lat' dir='ltr'>censor</span> <span class='ocrx_word' id='word_1_9' title='bbox 1362 482 1602 536; x_wconf 80' lang='lat' dir='ltr'>aequalium</span> 
     </span>
     <span class='ocr_line' id='line_1_3' title="bbox 131 563 1604 619; baseline 0.001 -15"><span class='ocrx_word' id='word_1_10' title='bbox 131 563 265 604; x_wconf 87' lang='lat' dir='ltr'>factus</span> <span class='ocrx_word' id='word_1_11' title='bbox 307 565 372 605; x_wconf 88' lang='lat' dir='ltr'>sit.</span> <span class='ocrx_word' id='word_1_12' title='bbox 415 563 645 617; x_wconf 84' lang='lat' dir='ltr'>Postquam</span> <span class='ocrx_word' id='word_1_13' title='bbox 688 563 836 604; x_wconf 90' lang='lat' dir='ltr'>deinde</span> <span class='ocrx_word' id='word_1_14' title='bbox 879 564 1012 617; x_wconf 89' lang='lat' dir='ltr'>capite</span> <span class='ocrx_word' id='word_1_15' title='bbox 1045 568 1192 618; x_wconf 87' lang='lat' dir='ltr'>quarto</span> <span class='ocrx_word' id='word_1_16' title='bbox 1226 578 1350 619; x_wconf 89' lang='lat' dir='ltr'>opera</span> <span class='ocrx_word' id='word_1_17' title='bbox 1381 564 1604 618; x_wconf 89' lang='lat' dir='ltr'>Lucianea,</span> 
     </span>
     <span class='ocr_line' id='line_1_4' title="bbox 133 645 1601 702; baseline 0.001 -15"><span class='ocrx_word' id='word_1_18' title='bbox 133 659 240 701; x_wconf 89' lang='lat' dir='ltr'>quae</span> <span class='ocrx_word' id='word_1_19' title='bbox 271 647 378 687; x_wconf 89' lang='lat' dir='ltr'>inter</span> <span class='ocrx_word' id='word_1_20' title='bbox 410 647 550 686; x_wconf 89' lang='lat' dir='ltr'>omnia</span> <span class='ocrx_word' id='word_1_21' title='bbox 583 645 770 686; x_wconf 88' lang='lat' dir='ltr'>habenda</span> <span class='ocrx_word' id='word_1_22' title='bbox 803 649 901 686; x_wconf 86' lang='lat' dir='ltr'>sunt</span> <span class='ocrx_word' id='word_1_23' title='bbox 932 647 1097 700; x_wconf 77' lang='lat' dir='ltr'>eximia,</span> <span class='ocrx_word' id='word_1_24' title='bbox 1130 649 1362 701; x_wconf 79' lang='lat' dir='ltr'>percensui,</span> <span class='ocrx_word' id='word_1_25' title='bbox 1390 648 1601 702; x_wconf 86' lang='lat' dir='ltr'>reliquum</span> 
     </span>
     <span class='ocr_line' id='line_1_5' title="bbox 132 720 1602 782; baseline 0.002 -13"><span class='ocrx_word' id='word_1_26' title='bbox 132 732 218 770; x_wconf 90' lang='lat' dir='ltr'>erat</span> <span class='ocrx_word' id='word_1_27' title='bbox 259 720 318 769; x_wconf 74' lang='lat' dir='ltr'>ut</span> <span class='ocrx_word' id='word_1_28' title='bbox 346 729 492 782; x_wconf 86' lang='lat' dir='ltr'>quinto</span> <span class='ocrx_word' id='word_1_29' title='bbox 536 729 669 782; x_wconf 90' lang='lat' dir='ltr'>capite</span> <span class='ocrx_word' id='word_1_30' title='bbox 700 728 911 769; x_wconf 85' lang='lat' dir='ltr'>fortunam</span> <span class='ocrx_word' id='word_1_31' title='bbox 945 728 1120 770; x_wconf 88' lang='lat' dir='ltr'>Luciani</span> <span class='ocrx_word' id='word_1_32' title='bbox 1153 731 1265 772; x_wconf 87' lang='lat' dir='ltr'>senis</span> <span class='ocrx_word' id='word_1_33' title='bbox 1298 732 1518 772; x_wconf 89' lang='lat' dir='ltr'>miseratus</span> <span class='ocrx_word' id='word_1_34' title='bbox 1553 731 1602 772; x_wconf 90' lang='lat' dir='ltr'>de</span> 
     </span>
     <span class='ocr_line' id='line_1_6' title="bbox 129 812 1600 869; baseline 0.002 -16"><span class='ocrx_word' id='word_1_35' title='bbox 129 814 181 854; x_wconf 91' lang='lat' dir='ltr'>iis</span> <span class='ocrx_word' id='word_1_36' title='bbox 213 812 408 866; x_wconf 83' lang='lat' dir='ltr'>operibus</span> <span class='ocrx_word' id='word_1_37' title='bbox 440 825 573 866; x_wconf 88' lang='lat' dir='ltr'>pauca</span> <span class='ocrx_word' id='word_1_38' title='bbox 603 814 646 853; x_wconf 90' lang='lat' dir='ltr'>in</span> <span class='ocrx_word' id='word_1_39' title='bbox 676 813 860 854; x_wconf 89' lang='lat' dir='ltr'>medium</span> <span class='ocrx_word' id='word_1_40' title='bbox 892 813 1130 867; x_wconf 86' lang='lat' dir='ltr'>proferrem,</span> <span class='ocrx_word' id='word_1_41' title='bbox 1163 827 1269 868; x_wconf 90' lang='lat' dir='ltr'>quae</span> <span class='ocrx_word' id='word_1_42' title='bbox 1299 815 1349 855; x_wconf 94' lang='lat' dir='ltr'>ob</span> <span class='ocrx_word' id='word_1_43' title='bbox 1377 816 1600 869; x_wconf 81' lang='lat' dir='ltr'>insipidam</span> 
     </span>
     <span class='ocr_line' id='line_1_7' title="bbox 128 895 1599 953; baseline 0.002 -17"><span class='ocrx_word' id='word_1_44' title='bbox 128 896 311 937; x_wconf 88' lang='lat' dir='ltr'>indolem</span> <span class='ocrx_word' id='word_1_45' title='bbox 344 909 367 936; x_wconf 89' lang='lat' dir='ltr'>a</span> <span class='ocrx_word' id='word_1_46' title='bbox 397 895 582 937; x_wconf 88' lang='lat' dir='ltr'>Luciano</span> <span class='ocrx_word' id='word_1_47' title='bbox 609 896 884 949; x_wconf 86' lang='lat' dir='ltr'>abjudicanda</span> <span class='ocrx_word' id='word_1_48' title='bbox 916 909 1006 938; x_wconf 90' lang='lat' dir='ltr'>esse</span> <span class='ocrx_word' id='word_1_49' title='bbox 1038 897 1244 938; x_wconf 87' lang='lat' dir='ltr'>videntur.</span> <span class='ocrx_word' id='word_1_50' title='bbox 1277 898 1358 939; x_wconf 91' lang='lat' dir='ltr'>Sed</span> <span class='ocrx_word' id='word_1_51' title='bbox 1374 901 1599 953; x_wconf 81' lang='lat' dir='ltr'>antequam</span> 
     </span>
     <span class='ocr_line' id='line_1_8' title="bbox 129 980 1597 1034; baseline 0.002 -15"><span class='ocrx_word' id='word_1_52' title='bbox 129 991 268 1020; x_wconf 89' lang='lat' dir='ltr'>meum</span> <span class='ocrx_word' id='word_1_53' title='bbox 308 980 567 1034; x_wconf 88' lang='lat' dir='ltr'>propositum</span> <span class='ocrx_word' id='word_1_54' title='bbox 611 981 786 1033; x_wconf 78' lang='lat' dir='ltr'>exsequi</span> <span class='ocrx_word' id='word_1_55' title='bbox 829 980 1057 1034; x_wconf 84' lang='lat' dir='ltr'>adgredior,</span> <span class='ocrx_word' id='word_1_56' title='bbox 1098 994 1233 1034; x_wconf 88' lang='lat' dir='ltr'>pauca</span> <span class='ocrx_word' id='word_1_57' title='bbox 1276 981 1326 1022; x_wconf 89' lang='lat' dir='ltr'>de</span> <span class='ocrx_word' id='word_1_58' title='bbox 1354 982 1462 1022; x_wconf 85' lang='lat' dir='ltr'>vitae</span> <span class='ocrx_word' id='word_1_59' title='bbox 1495 985 1597 1022; x_wconf 91' lang='lat' dir='ltr'>tem-</span> 
     </span>
     <span class='ocr_line' id='line_1_9' title="bbox 127 1061 1601 1117; baseline 0.001 -15"><span class='ocrx_word' id='word_1_60' title='bbox 127 1075 225 1117; x_wconf 84' lang='lat' dir='ltr'>pore</span> <span class='ocrx_word' id='word_1_61' title='bbox 272 1061 392 1103; x_wconf 90' lang='lat' dir='ltr'>nobis</span> <span class='ocrx_word' id='word_1_62' title='bbox 437 1061 487 1102; x_wconf 93' lang='lat' dir='ltr'>ab</span> <span class='ocrx_word' id='word_1_63' title='bbox 534 1063 719 1116; x_wconf 81' lang='lat' dir='ltr'>antiquis</span> <span class='ocrx_word' id='word_1_64' title='bbox 766 1062 916 1103; x_wconf 89' lang='lat' dir='ltr'>tradita</span> <span class='ocrx_word' id='word_1_65' title='bbox 966 1066 1092 1116; x_wconf 90' lang='lat' dir='ltr'>atque</span> <span class='ocrx_word' id='word_1_66' title='bbox 1141 1076 1193 1104; x_wconf 78' lang='lat' dir='ltr'>ex</span> <span class='ocrx_word' id='word_1_67' title='bbox 1241 1064 1374 1117; x_wconf 88' lang='lat' dir='ltr'>ipsius</span> <span class='ocrx_word' id='word_1_68' title='bbox 1421 1063 1601 1105; x_wconf 85' lang='lat' dir='ltr'>Luciani</span> 
     </span>
     <span class='ocr_line' id='line_1_10' title="bbox 127 1144 800 1199; baseline 0 -14"><span class='ocrx_word' id='word_1_69' title='bbox 127 1145 291 1198; x_wconf 83' lang='lat' dir='ltr'>scriptis</span> <span class='ocrx_word' id='word_1_70' title='bbox 325 1144 497 1186; x_wconf 89' lang='lat' dir='ltr'>collecta</span> <span class='ocrx_word' id='word_1_71' title='bbox 528 1146 800 1199; x_wconf 82' lang='lat' dir='ltr'>praemittam.</span> 
     </span>
    </p>
   </div>
   <div class='ocr_carea' id='block_1_3' title="bbox 155 1326 1556 1379">
    <p class='ocr_par' dir='ltr' id='par_1_3' title="bbox 155 1326 1556 1379">
     <span class='ocr_line' id='line_1_11' title="bbox 155 1326 1556 1379; baseline 0.002 -13"><span class='ocrx_word' id='word_1_72' title='bbox 155 1327 195 1368; x_wconf 87' lang='lat'>4.</span> <span class='ocrx_word' id='word_1_73' title='bbox 225 1326 503 1368; x_wconf 75' lang='lat' dir='ltr'>Posteriorum</span> <span class='ocrx_word' id='word_1_74' title='bbox 534 1327 764 1368; x_wconf 73' lang='lat' dir='ltr'>testimonia</span> <span class='ocrx_word' id='word_1_75' title='bbox 795 1327 842 1368; x_wconf 83' lang='lat' dir='ltr'>de</span> <span class='ocrx_word' id='word_1_76' title='bbox 872 1327 955 1367; x_wconf 75' lang='lat' dir='ltr'>vita</span> <span class='ocrx_word' id='word_1_77' title='bbox 985 1341 1032 1367; x_wconf 80' lang='lat' dir='ltr'>ac</span> <span class='ocrx_word' id='word_1_78' title='bbox 1061 1327 1226 1379; x_wconf 75' lang='lat' dir='ltr'>scriptis</span> <span class='ocrx_word' id='word_1_79' title='bbox 1256 1327 1438 1369; x_wconf 72' lang='lat' dir='ltr'>Luciam</span> <span class='ocrx_word' id='word_1_80' title='bbox 1466 1342 1556 1370; x_wconf 75' lang='lat' dir='ltr'>cum</span> 
     </span>
    </p>
   </div>
   <div class='ocr_carea' id='block_1_4' title="bbox 211 1409 1510 1464">
    <p class='ocr_par' dir='ltr' id='par_1_4' title="bbox 211 1409 1510 1464">
     <span class='ocr_line' id='line_1_12' title="bbox 211 1409 1510 1464; baseline 0.002 -14"><span class='ocrx_word' id='word_1_81' title='bbox 211 1409 378 1451; x_wconf 63' lang='lat' dir='ltr'>indiciis</span> <span class='ocrx_word' id='word_1_82' title='bbox 403 1424 452 1451; x_wconf 69' lang='lat' dir='ltr'>ex</span> <span class='ocrx_word' id='word_1_83' title='bbox 479 1410 606 1462; x_wconf 73' lang='lat' dir='ltr'>ipsius</span> <span class='ocrx_word' id='word_1_84' title='bbox 630 1410 809 1451; x_wconf 74' lang='lat' dir='ltr'>auctoris</span> <span class='ocrx_word' id='word_1_85' title='bbox 834 1410 1019 1464; x_wconf 71' lang='lat' dir='ltr'>operibus</span> <span class='ocrx_word' id='word_1_86' title='bbox 1036 1411 1176 1464; x_wconf 63' lang='lat' dir='ltr'>petitis</span> <span class='ocrx_word' id='word_1_87' title='bbox 1203 1416 1510 1463; x_wconf 73' lang='lat' dir='ltr'>comparantur.</span> 
     </span>
    </p>
   </div>
   <div class='ocr_carea' id='block_1_5' title="bbox 122 1550 1597 1941">
    <p class='ocr_par' dir='ltr' id='par_1_5' title="bbox 122 1550 1597 1941">
     <span class='ocr_line' id='line_1_13' title="bbox 183 1550 1596 1605; baseline 0.003 -14"><span class='ocrx_word' id='word_1_88' title='bbox 183 1550 395 1605; x_wconf 84' lang='lat' dir='ltr'>Aequales</span> <span class='ocrx_word' id='word_1_89' title='bbox 427 1554 468 1592; x_wconf 89' lang='lat' dir='ltr'>et</span> <span class='ocrx_word' id='word_1_90' title='bbox 498 1563 580 1603; x_wconf 91' lang='lat' dir='ltr'>eos,</span> <span class='ocrx_word' id='word_1_91' title='bbox 612 1551 685 1604; x_wconf 91' lang='lat' dir='ltr'>qui</span> <span class='ocrx_word' id='word_1_92' title='bbox 717 1551 857 1592; x_wconf 90' lang='lat' dir='ltr'>seculo</span> <span class='ocrx_word' id='word_1_93' title='bbox 890 1552 1080 1605; x_wconf 78' lang='lat' dir='ltr'>proxime</span> <span class='ocrx_word' id='word_1_94' title='bbox 1111 1554 1306 1605; x_wconf 86' lang='lat' dir='ltr'>sequenti</span> <span class='ocrx_word' id='word_1_95' title='bbox 1336 1554 1443 1594; x_wconf 84' lang='lat' dir='ltr'>vitas</span> <span class='ocrx_word' id='word_1_96' title='bbox 1460 1554 1596 1595; x_wconf 89' lang='lat' dir='ltr'>rheto-</span> 
     </span>
     <span class='ocr_line' id='line_1_14' title="bbox 124 1634 1597 1691; baseline 0.003 -17"><span class='ocrx_word' id='word_1_97' title='bbox 124 1647 220 1675; x_wconf 90' lang='lat' dir='ltr'>rum</span> <span class='ocrx_word' id='word_1_98' title='bbox 266 1636 536 1689; x_wconf 87' lang='lat' dir='ltr'>scripserunt,</span> <span class='ocrx_word' id='word_1_99' title='bbox 582 1634 773 1675; x_wconf 88' lang='lat' dir='ltr'>consulto</span> <span class='ocrx_word' id='word_1_100' title='bbox 822 1647 975 1676; x_wconf 87' lang='lat' dir='ltr'>nomen</span> <span class='ocrx_word' id='word_1_101' title='bbox 1021 1634 1195 1676; x_wconf 89' lang='lat' dir='ltr'>Luciani</span> <span class='ocrx_word' id='word_1_102' title='bbox 1242 1637 1472 1690; x_wconf 82' lang='lat' dir='ltr'>reticuisse,</span> <span class='ocrx_word' id='word_1_103' title='bbox 1509 1639 1597 1691; x_wconf 86' lang='lat' dir='ltr'>jam</span> 
     </span>
     <span class='ocr_line' id='line_1_15' title="bbox 124 1717 1591 1775; baseline 0.003 -17"><span class='ocrx_word' id='word_1_104' title='bbox 124 1731 250 1772; x_wconf 91' lang='lat' dir='ltr'>supra</span> <span class='ocrx_word' id='word_1_105' title='bbox 296 1718 579 1760; x_wconf 89' lang='lat' dir='ltr'>animadverti.</span> <span class='ocrx_word' id='word_1_106' title='bbox 623 1717 844 1759; x_wconf 80' lang='lat' dir='ltr'>Oblivione</span> <span class='ocrx_word' id='word_1_107' title='bbox 886 1719 1089 1760; x_wconf 87' lang='lat' dir='ltr'>multatus</span> <span class='ocrx_word' id='word_1_108' title='bbox 1132 1722 1194 1760; x_wconf 88' lang='lat' dir='ltr'>est</span> <span class='ocrx_word' id='word_1_109' title='bbox 1237 1720 1444 1774; x_wconf 75' lang='lat' dir='ltr'>satiricus,</span> <span class='ocrx_word' id='word_1_110' title='bbox 1479 1722 1591 1775; x_wconf 91' lang='lat' dir='ltr'>quod</span> 
     </span>
     <span class='ocr_line' id='line_1_16' title="bbox 122 1802 1593 1859; baseline 0.003 -18"><span class='ocrx_word' id='word_1_111' title='bbox 122 1802 290 1843; x_wconf 88' lang='lat' dir='ltr'>inanem</span> <span class='ocrx_word' id='word_1_112' title='bbox 337 1802 616 1856; x_wconf 87' lang='lat' dir='ltr'>sophistarum</span> <span class='ocrx_word' id='word_1_113' title='bbox 650 1802 913 1856; x_wconf 77' lang='lat' dir='ltr'>disciplinam</span> <span class='ocrx_word' id='word_1_114' title='bbox 946 1816 968 1842; x_wconf 90' lang='lat' dir='ltr'>a</span> <span class='ocrx_word' id='word_1_115' title='bbox 1001 1815 1044 1843; x_wconf 91' lang='lat' dir='ltr'>se</span> <span class='ocrx_word' id='word_1_116' title='bbox 1077 1802 1279 1843; x_wconf 86' lang='lat' dir='ltr'>desertam</span> <span class='ocrx_word' id='word_1_117' title='bbox 1313 1805 1593 1859; x_wconf 81' lang='lat' dir='ltr'>perstringere</span> 
     </span>
     <span class='ocr_line' id='line_1_17' title="bbox 123 1885 1596 1941; baseline 0.001 -14"><span class='ocrx_word' id='word_1_118' title='bbox 123 1899 252 1927; x_wconf 86' lang='lat' dir='ltr'>ausus</span> <span class='ocrx_word' id='word_1_119' title='bbox 279 1890 408 1938; x_wconf 75' lang='lat' dir='ltr'>esset,</span> <span class='ocrx_word' id='word_1_120' title='bbox 436 1885 590 1927; x_wconf 87' lang='lat' dir='ltr'>frustra</span> <span class='ocrx_word' id='word_1_121' title='bbox 616 1886 745 1940; x_wconf 85' lang='lat' dir='ltr'>igitur</span> <span class='ocrx_word' id='word_1_122' title='bbox 771 1898 924 1927; x_wconf 90' lang='lat' dir='ltr'>nomen</span> <span class='ocrx_word' id='word_1_123' title='bbox 952 1885 1128 1926; x_wconf 87' lang='lat' dir='ltr'>Luciani</span> <span class='ocrx_word' id='word_1_124' title='bbox 1147 1887 1192 1926; x_wconf 89' lang='lat' dir='ltr'>in</span> <span class='ocrx_word' id='word_1_125' title='bbox 1211 1886 1406 1927; x_wconf 86' lang='lat' dir='ltr'>Vitarum</span> <span class='ocrx_word' id='word_1_126' title='bbox 1425 1900 1596 1941; x_wconf 88' lang='lat' dir='ltr'>corpore</span> 
     </span>
    </p>
   </div>
   <div class='ocr_carea' id='block_1_6' title="bbox 124 1968 1595 2025">
    <p class='ocr_par' dir='ltr' id='par_1_6' title="bbox 124 1968 1595 2025">
     <span class='ocr_line' id='line_1_18' title="bbox 124 1968 1595 2025; baseline 0.001 -15"><span class='ocrx_word' id='word_1_127' title='bbox 124 1982 310 2023; x_wconf 89' lang='lat' dir='ltr'>quaeres,</span> <span class='ocrx_word' id='word_1_128' title='bbox 352 1969 464 2024; x_wconf 91' lang='lat' dir='ltr'>quod</span> <span class='ocrx_word' id='word_1_129' title='bbox 505 1968 675 2010; x_wconf 87' lang='lat' dir='ltr'>Flavius</span> <span class='ocrx_word' id='word_1_130' title='bbox 718 1969 999 2011; x_wconf 83' lang='lat' dir='ltr'>Philostratus</span> <span class='ocrx_word' id='word_1_131' title='bbox 1044 1970 1184 2011; x_wconf 88' lang='lat' dir='ltr'>seculo</span> <span class='ocrx_word' id='word_1_132' title='bbox 1229 1972 1349 2012; x_wconf 81' lang='lat' dir='ltr'>tertio</span> <span class='ocrx_word' id='word_1_133' title='bbox 1390 1985 1426 2025; x_wconf 89' lang='lat' dir='ltr'>p.</span> <span class='ocrx_word' id='word_1_134' title='bbox 1446 1971 1538 2012; x_wconf 85' lang='lat' dir='ltr'>Chr.</span> <span class='ocrx_word' id='word_1_135' title='bbox 1556 1986 1595 2012; x_wconf 89' lang='lat' dir='ltr'>n.</span> 
     </span>
    </p>
   </div>
   <div class='ocr_carea' id='block_1_7' title="bbox 99 2062 1594 2867">
    <p class='ocr_par' dir='ltr' id='par_1_7' title="bbox 123 2062 367 2115">
     <span class='ocr_line' id='line_1_19' title="bbox 123 2062 367 2115; baseline 0.004 -14"><span class='ocrx_word' id='word_1_136' title='bbox 123 2062 367 2115; x_wconf 83' lang='lat' dir='ltr'>composuit.</span> 
     </span>
    </p>

    <p class='ocr_par' dir='ltr' id='par_1_8' title="bbox 99 2142 1594 2534">
     <span class='ocr_line' id='line_1_20' title="bbox 179 2142 1593 2200; baseline 0.004 -16"><span class='ocrx_word' id='word_1_137' title='bbox 179 2142 265 2184; x_wconf 91' lang='lat' dir='ltr'>Sub</span> <span class='ocrx_word' id='word_1_138' title='bbox 320 2143 446 2184; x_wconf 89' lang='lat' dir='ltr'>finem</span> <span class='ocrx_word' id='word_1_139' title='bbox 504 2144 673 2184; x_wconf 89' lang='lat' dir='ltr'>demum</span> <span class='ocrx_word' id='word_1_140' title='bbox 731 2145 862 2185; x_wconf 88' lang='lat' dir='ltr'>seculi</span> <span class='ocrx_word' id='word_1_141' title='bbox 910 2146 1047 2199; x_wconf 84' lang='lat' dir='ltr'>quarti</span> <span class='ocrx_word' id='word_1_142' title='bbox 1094 2144 1337 2200; x_wconf 87' lang='lat' dir='ltr'>Ennapium</span> <span class='ocrx_word' id='word_1_143' title='bbox 1387 2147 1593 2189; x_wconf 87' lang='lat' dir='ltr'>dicentem</span> 
     </span>
     <span class='ocr_line' id='line_1_21' title="bbox 122 2227 1594 2280; baseline 0.003 -12"><span class='ocrx_word' id='word_1_144' title='bbox 122 2227 337 2268; x_wconf 83' lang='lat' dir='ltr'>audimus:</span> <span class='ocrx_word' id='word_1_145' title='bbox 386 2227 592 2273; x_wconf 81' lang='grc' dir='ltr'><em>Λουκιανὸς</em></span> <span class='ocrx_word' id='word_1_146' title='bbox 638 2227 654 2267; x_wconf 78' lang='grc' dir='ltr'><em>ὃ</em></span> <span class='ocrx_word' id='word_1_147' title='bbox 701 2227 743 2268; x_wconf 82' lang='grc' dir='ltr'>ἐκ</span> <span class='ocrx_word' id='word_1_148' title='bbox 789 2227 1034 2276; x_wconf 72' lang='grc' dir='ltr'><em>Σαμοσάτων</em></span> <span class='ocrx_word' id='word_1_149' title='bbox 1082 2228 1174 2280; x_wconf 64' lang='grc' dir='ltr'>ἀνὴρ</span> <span class='ocrx_word' id='word_1_150' title='bbox 1220 2230 1421 2276; x_wconf 78' lang='grc' dir='ltr'><em>σπουδαῖος</em></span> <span class='ocrx_word' id='word_1_151' title='bbox 1467 2231 1504 2276; x_wconf 83' lang='grc' dir='ltr'>ἐς</span> <span class='ocrx_word' id='word_1_152' title='bbox 1552 2231 1594 2271; x_wconf 81' lang='grc' dir='ltr'>τὸ</span> 
     </span>
     <span class='ocr_line' id='line_1_22' title="bbox 99 2309 1594 2366; baseline 0.003 -16"><span class='ocrx_word' id='word_1_153' title='bbox 99 2311 367 2366; x_wconf 53' lang='grc' dir='ltr'><em>γελασθῆναι,</em></span> <span class='ocrx_word' id='word_1_154' title='bbox 412 2310 676 2360; x_wconf 73' lang='grc' dir='ltr'><em>Δημώνακτος</em></span> <span class='ocrx_word' id='word_1_155' title='bbox 719 2309 934 2363; x_wconf 73' lang='grc' dir='ltr'><em>Φιλοσόφου</em></span> <span class='ocrx_word' id='word_1_156' title='bbox 977 2311 1066 2352; x_wconf 78' lang='grc' dir='ltr'>κατ’</span> <span class='ocrx_word' id='word_1_157' title='bbox 1109 2311 1267 2358; x_wconf 77' lang='grc' dir='ltr'><em>ἐκείνους</em></span> <span class='ocrx_word' id='word_1_158' title='bbox 1309 2313 1395 2359; x_wconf 76' lang='grc' dir='ltr'><em>τοὺς</em></span> <span class='ocrx_word' id='word_1_159' title='bbox 1436 2312 1594 2365; x_wconf 78' lang='grc' dir='ltr'><em>χρόνους</em></span> 
     </span>
     <span class='ocr_line' id='line_1_23' title="bbox 120 2393 1593 2448; baseline 0.004 -15"><span class='ocrx_word' id='word_1_160' title='bbox 120 2393 201 2443; x_wconf 83' lang='grc' dir='ltr'><em>βίον</em></span> <span class='ocrx_word' id='word_1_161' title='bbox 242 2393 471 2445; x_wconf 66' lang='grc' dir='ltr'><em>ἀνέγραψεν,</em></span> <span class='ocrx_word' id='word_1_162' title='bbox 515 2394 551 2434; x_wconf 81' lang='grc' dir='ltr'>ἐν</span> <span class='ocrx_word' id='word_1_163' title='bbox 593 2394 715 2445; x_wconf 80' lang='grc' dir='ltr'><em>ἐκείνῳ</em></span> <span class='ocrx_word' id='word_1_164' title='bbox 755 2410 797 2435; x_wconf 72' lang='grc' dir='ltr'>τε</span> <span class='ocrx_word' id='word_1_165' title='bbox 838 2395 888 2446; x_wconf 79' lang='grc' dir='ltr'>τῷ</span> <span class='ocrx_word' id='word_1_166' title='bbox 931 2394 1074 2447; x_wconf 78' lang='grc' dir='ltr'><em>βιβλίῳ</em></span> <span class='ocrx_word' id='word_1_167' title='bbox 1106 2394 1174 2436; x_wconf 76' lang='grc' dir='ltr'>καὶ</span> <span class='ocrx_word' id='word_1_168' title='bbox 1206 2394 1337 2443; x_wconf 72' lang='grc' dir='ltr'><em>ἄλλοις</em></span> <span class='ocrx_word' id='word_1_169' title='bbox 1369 2397 1593 2448; x_wconf 72' lang='grc' dir='ltr'><em>ἐλαχίστοις</em></span> 
     </span>
     <span class='ocr_line' id='line_1_24' title="bbox 119 2475 1119 2534; baseline 0.002 -17"><span class='ocrx_word' id='word_1_170' title='bbox 119 2476 166 2517; x_wconf 77' lang='grc' dir='ltr'>δι’</span> <span class='ocrx_word' id='word_1_171' title='bbox 192 2475 275 2518; x_wconf 71' lang='grc' dir='ltr'>ὅλον</span> <span class='ocrx_word' id='word_1_172' title='bbox 305 2476 529 2524; x_wconf 68' lang='grc' dir='ltr'><em>σπουδάσας</em></span> <span class='ocrx_word' id='word_1_173' title='bbox 562 2478 737 2533; x_wconf 85' lang='lat' dir='ltr'>(Eunap.</span> <span class='ocrx_word' id='word_1_174' title='bbox 771 2479 959 2520; x_wconf 79' lang='lat' dir='ltr'>Prooem.</span> <span class='ocrx_word' id='word_1_175' title='bbox 993 2493 1030 2533; x_wconf 90' lang='lat' dir='ltr'>p.</span> <span class='ocrx_word' id='word_1_176' title='bbox 1065 2480 1119 2534; x_wconf 81' lang='lat'>4).</span> 
     </span>
    </p>

    <p class='ocr_par' dir='ltr' id='par_1_9' title="bbox 115 2560 1589 2867">
     <span class='ocr_line' id='line_1_25' title="bbox 176 2560 1589 2617; baseline 0.004 -16"><span class='ocrx_word' id='word_1_177' title='bbox 176 2560 260 2602; x_wconf 90' lang='lat' dir='ltr'>Ubi</span> <span class='ocrx_word' id='word_1_178' title='bbox 287 2561 522 2603; x_wconf 89' lang='lat' dir='ltr'>Lucianum</span> <span class='ocrx_word' id='word_1_179' title='bbox 555 2561 782 2604; x_wconf 84' lang='lat' dir='ltr'>Samosatis</span> <span class='ocrx_word' id='word_1_180' title='bbox 815 2566 961 2603; x_wconf 89' lang='lat' dir='ltr'>natum</span> <span class='ocrx_word' id='word_1_181' title='bbox 993 2564 1211 2617; x_wconf 88' lang='lat' dir='ltr'>aequalem</span> <span class='ocrx_word' id='word_1_182' title='bbox 1244 2562 1375 2605; x_wconf 82' lang='lat' dir='ltr'>fuisse</span> <span class='ocrx_word' id='word_1_183' title='bbox 1392 2565 1589 2607; x_wconf 83' lang='lat' dir='ltr'>videmus</span> 
     </span>
     <span class='ocr_line' id='line_1_26' title="bbox 116 2642 1585 2703; baseline 0.003 -18"><span class='ocrx_word' id='word_1_184' title='bbox 116 2642 395 2698; x_wconf 87' lang='lat' dir='ltr'>Demonactis,</span> <span class='ocrx_word' id='word_1_185' title='bbox 442 2646 515 2698; x_wconf 89' lang='lat' dir='ltr'>qui</span> <span class='ocrx_word' id='word_1_186' title='bbox 561 2658 644 2699; x_wconf 91' lang='lat' dir='ltr'>quo</span> <span class='ocrx_word' id='word_1_187' title='bbox 691 2650 874 2699; x_wconf 89' lang='lat' dir='ltr'>tempore</span> <span class='ocrx_word' id='word_1_188' title='bbox 918 2646 1083 2699; x_wconf 74' lang='lat' dir='ltr'>vixerit,</span> <span class='ocrx_word' id='word_1_189' title='bbox 1126 2659 1148 2687; x_wconf 90' lang='lat' dir='ltr'>e</span> <span class='ocrx_word' id='word_1_190' title='bbox 1190 2648 1277 2688; x_wconf 86' lang='lat' dir='ltr'>vita</span> <span class='ocrx_word' id='word_1_191' title='bbox 1321 2649 1424 2702; x_wconf 89' lang='lat' dir='ltr'>eius,</span> <span class='ocrx_word' id='word_1_192' title='bbox 1458 2662 1585 2703; x_wconf 89' lang='lat' dir='ltr'>quam</span> 
     </span>
     <span class='ocr_line' id='line_1_27' title="bbox 116 2729 1587 2783; baseline 0.003 -15"><span class='ocrx_word' id='word_1_193' title='bbox 116 2730 259 2780; x_wconf 88' lang='lat' dir='ltr'>postea</span> <span class='ocrx_word' id='word_1_194' title='bbox 299 2731 550 2769; x_wconf 88' lang='lat' dir='ltr'>tractaturus</span> <span class='ocrx_word' id='word_1_195' title='bbox 597 2742 703 2782; x_wconf 91' lang='lat' dir='ltr'>sum,</span> <span class='ocrx_word' id='word_1_196' title='bbox 748 2729 972 2783; x_wconf 88' lang='lat' dir='ltr'>apparebit.</span> <span class='ocrx_word' id='word_1_197' title='bbox 1014 2730 1164 2771; x_wconf 90' lang='lat' dir='ltr'>Amico</span> <span class='ocrx_word' id='word_1_198' title='bbox 1207 2732 1319 2772; x_wconf 90' lang='lat' dir='ltr'>enim</span> <span class='ocrx_word' id='word_1_199' title='bbox 1357 2745 1462 2773; x_wconf 90' lang='lat' dir='ltr'>usus</span> <span class='ocrx_word' id='word_1_200' title='bbox 1495 2744 1587 2773; x_wconf 88' lang='lat' dir='ltr'>esse</span> 
     </span>
     <span class='ocr_line' id='line_1_28' title="bbox 115 2809 1584 2867; baseline 0.003 -16"><span class='ocrx_word' id='word_1_201' title='bbox 115 2809 335 2852; x_wconf 80' lang='lat' dir='ltr'>Demonax</span> <span class='ocrx_word' id='word_1_202' title='bbox 379 2815 574 2852; x_wconf 88' lang='lat' dir='ltr'>narratur</span> <span class='ocrx_word' id='word_1_203' title='bbox 618 2811 786 2853; x_wconf 90' lang='lat' dir='ltr'>Herode</span> <span class='ocrx_word' id='word_1_204' title='bbox 831 2814 985 2867; x_wconf 85' lang='lat' dir='ltr'>Attico,</span> <span class='ocrx_word' id='word_1_205' title='bbox 1033 2814 1107 2867; x_wconf 88' lang='lat' dir='ltr'>qui</span> <span class='ocrx_word' id='word_1_206' title='bbox 1154 2814 1264 2855; x_wconf 87' lang='lat' dir='ltr'>circa</span> <span class='ocrx_word' id='word_1_207' title='bbox 1306 2828 1466 2856; x_wconf 89' lang='lat' dir='ltr'>annum</span> <span class='ocrx_word' id='word_1_208' title='bbox 1502 2815 1584 2855; x_wconf 76' lang='lat'>177</span> 
     </span>
    </p>
   </div>
  </div>
 </body>
</html>
