1934 3334
1043 364 1096 403 52

323 502 574 544 criminibus
616 501 831 544 Lucianus
874 515 918 543 se
949 515 1131 557 purgare
1163 506 1339 544 conatur
1373 504 1594 558 (29—38),
1627 517 1728 546 cum
1761 516 1807 546 se

324 598 564 639 numquam
615 589 774 627 veteres
825 586 1003 628 elusisse
1047 588 1266 641 sapientes,
1310 587 1383 628 sed
1425 599 1572 628 eorum
1617 589 1806 628 amicum

324 681 487 723 semper
526 668 657 711 fuisse
689 669 881 712 affirmat.
916 669 1182 725 Quantopere
1214 674 1354 712 tamen
1390 670 1588 725 aequales
1624 671 1808 726 philoso-

322 753 463 807 phiam
505 754 693 808 professi,
736 755 850 795 omni
894 755 1069 796 scientia
1111 758 1251 796 essent
1288 755 1489 809 destituti,
1530 757 1589 796 ita
1620 759 1667 797 ut
1700 767 1808 810 quae

324 841 506 892 agerent,
536 841 622 879 toto
655 838 768 879 coelo
802 839 1005 880 distarent
1036 853 1071 893 a,
1103 852 1211 893 quae
1243 839 1545 893 praedicarent,
1576 841 1808 894 principiis,

326 933 370 962 se
425 934 589 976 semper
639 922 872 964 ostendisse
920 923 1143 964 contendit.
1193 921 1308 971 Quae
1355 923 1494 977 verba,
1542 924 1620 965 etsi
1665 926 1808 978 aperta

324 1005 542 1047 mendacia
590 1007 776 1060 putanda
818 1020 909 1048 esse
952 1008 1091 1048 statim
1123 1007 1354 1061 ostendam,
1386 1011 1525 1049 tamen
1559 1007 1808 1062 Lucianum,

324 1102 407 1143 quo
454 1093 640 1145 tempore
680 1090 934 1132 Piscatorem
976 1092 1155 1145 scripsit,
1198 1091 1490 1133 admiratorem
1534 1092 1806 1146 antiquorum

320 1173 663 1228 philosophorum
696 1174 828 1216 fuisse
861 1174 1051 1228 probant.
1085 1173 1248 1216 Deinde
1279 1175 1536 1229 indignatus,
1569 1175 1683 1230 quod
1716 1179 1807 1217 stu-

322 1257 438 1298 dium
482 1258 767 1313 philosophiae
799 1263 967 1313 propter
998 1259 1250 1314 flagitiosam
1285 1259 1588 1313 discipulorum
1621 1261 1751 1301 vitam
1782 1273 1807 1301 a

321 1342 600 1395 prudentibus
646 1343 890 1384 hominibus
937 1347 1286 1397 contemneretur,
1328 1344 1517 1384 omnium
1563 1344 1801 1398 aequalium

320 1427 614 1468 simulatorum
666 1428 768 1468 vitia
815 1441 859 1469 se
906 1428 1193 1469 indicaturum
1243 1431 1283 1469 et
1329 1429 1600 1482 antiquorum
1647 1428 1800 1470 famam

321 1510 592 1552 defensurum
626 1524 716 1553 esse
750 1513 956 1566 promittit
988 1511 1109 1564 (Pisc.
1146 1512 1198 1552 37
1233 1512 1303 1552 cfr.
1338 1512 1391 1552 20
1426 1515 1466 1553 et
1500 1512 1580 1564 52).

377 1596 527 1650 Neque
568 1596 722 1637 absunt
758 1597 1009 1649 testimonia,
1037 1609 1145 1650 quae
1175 1608 1272 1637 eum
1300 1597 1506 1649 promisso
1534 1595 1658 1636 fidem
1687 1607 1803 1649 prae-

320 1680 476 1721 stitisse
517 1680 766 1721 ostendunt:
800 1680 948 1720 ultima
980 1679 1133 1734 dialogi
1165 1693 1260 1734 pars
1294 1680 1508 1732 (40-—52)‚
1539 1679 1609 1720 ille
1645 1679 1803 1733 „philo-

320 1763 546 1817 sophorum
578 1763 804 1818 piscatus'',
836 1765 879 1803 in
907 1777 1063 1818 -pravos
1095 1763 1292 1817 aequales
1323 1764 1552 1817 composita
1583 1765 1657 1816 est,
1683 1762 1801 1804 libris

316 1844 523 1901 Fugitivis
555 1850 595 1888 et
631 1847 709 1900 „de
736 1851 867 1888 morte
885 1846 1128 1901 Peregrini''
1148 1845 1327 1899 Cynicos
1346 1859 1521 1889 coaevos
1539 1846 1799 1901 perstrinxit,

315 1931 359 1970 in
401 1929 604 1971 Convivio
646 1934 686 1971 et
728 1930 1046 1985 Philopseudesi
1088 1931 1399 1984 cuiuscumque
1432 1934 1567 1971 sectae
1600 1930 1796 1983 aequales

316 2014 519 2069 voluptati
561 2018 601 2056 et
643 2015 880 2056 credulitati
923 2015 1132 2056 obnoxios
1178 2015 1409 2069 castigavit.
1448 2016 1590 2070 Atque
1624 2015 1796 2056 hilarem

316 2098 639 2153 descriptionem
683 2099 733 2140 de
771 2099 910 2140 insula
942 2098 1160 2140 beatorum
1197 2100 1233 2140 si
1267 2075 1515 2153 excipimus,
1548 2099 1658 2151 (Ver.
1692 2098 1802 2140 Hist.

314 2181 369 2235 H,
420 2183 618 2236 17—22)‚
665 2183 715 2224 de
763 2183 949 2237 antiquis
991 2183 1251 2237 philosophis
1294 2196 1529 2237 numquam
1570 2186 1715 2237 postea
1755 2183 1801 2223 in

315 2265 467 2306 malam
513 2269 671 2320 partem
721 2266 888 2307 locutus
936 2269 1009 2319 est,
1060 2266 1127 2307 vel
1174 2266 1277 2307 adeo
1319 2268 1363 2307 in
1404 2266 1648 2308 Alexandro
1693 2268 1802 2321 (post
1860 2304 1862 2307 ,

315 2362 475 2390 annum
509 2351 590 2391 180
620 2350 744 2403 edito)
773 2350 958 2405 Epicuri,
985 2349 1228 2404 Democriti,
1254 2350 1532 2405 Pythagorae,
1557 2351 1602 2391 in
1633 2350 1800 2406 „Lapsu

313 2433 357 2472 in
401 2432 648 2475 salutando'’
692 2436 746 2487 (4)
785 2434 976 2476 Platonis
1008 2448 1103 2476 cum
1137 2435 1371 2476 reverentia
1403 2436 1659 2477 mentionem
1688 2434 1798 2477 fecit.

371 2515 604 2558 Lucianum
638 2518 767 2572 igitur
798 2518 842 2558 in
874 2517 1088 2559 Piscatore
1120 2521 1160 2559 et
1190 2519 1234 2558 in
1271 2518 1480 2573 operibus,
1514 2531 1623 2573 quae
1652 2522 1797 2574 postea

315 2602 414 2640 sunt
440 2600 561 2654 edita,
589 2601 784 2655 antiquos
811 2601 1080 2656 philosophos
1109 2603 1249 2656 magni
1277 2603 1574 2657 aestimavisse,
1601 2603 1796 2657 aequales

313 2686 583 2736 aspernatum
617 2696 708 2725 esse
740 2687 915 2726 constat.

327 2752 331 2755 ⁷
370 2765 495 2807 Nunc
542 2768 772 2822 videamus,
818 2769 921 2823 quid
968 2768 1180 2811 Lucianus
1231 2770 1281 2811 de
1328 2771 1587 2826 philosophis
1634 2774 1680 2814 in
1712 2773 1794 2815 Bis

315 2847 517 2891 ,accusato
561 2853 759 2893 senserit!
802 2852 850 2892 In
897 2866 979 2907 quo
1024 2853 1190 2908 dialogo
1233 2854 1284 2895 de
1315 2855 1527 2897 veteribus
1560 2857 1665 2898 nihil
1697 2856 1796 2899 boni
