1934 3334
870 330 922 370 73

165 480 344 508 uxorem
391 482 509 509 suam
552 482 643 511 esse
687 470 759 511 sed
795 470 1024 511 divortium
1058 483 1153 511 cum
1185 472 1335 512 marito
1366 471 1570 513 facturam
1603 474 1643 514 et

165 550 364 597 κακώσεως
396 552 508 593 litem
543 552 623 593 sibi
654 554 911 594 intenturam
945 553 1134 594 finxerat.
1169 553 1260 602 Qua
1286 555 1379 595 rixa
1396 555 1639 610 pervulgata

166 633 325 675 Cratini
372 635 599 677 familiares
646 637 864 678 mulierem
915 636 1144 691 obsecrant,
1175 641 1234 691 ut,
1265 651 1318 679 ne
1351 639 1452 692 quid
1483 642 1638 682 temere

161 717 297 771 faciat,
336 698 381 759 ‘et
423 732 529 772 quae
578 721 631 760 sit
677 723 816 761 tantae
848 720 1091 761 inimicitiae
1123 733 1249 762 causa
1284 726 1503 775 quaerunt.
1533 723 1637 764 Tum

160 801 232 842 illa
275 803 523 856 gravissime
570 804 761 856 queritur
809 804 858 844 de
905 803 1084 856 Cratino,
1126 805 1239 858 quod
1285 818 1328 846 se
1382 808 1639 860 contemptui

162 884 311 925 habeat
355 889 574 939 totumque
620 886 903 927 Temulentiae
950 899 1040 927 sese
1086 887 1313 928 tradiderit.
1362 888 1555 930 Cratinus
1598 894 1638 931 et

163 979 274 1007 uxor
305 972 400 1009 ante
431 968 700 1009 familiarium
730 969 938 1022 judicium
971 973 1175 1010 vocantur
1206 973 1245 1011 et
1276 974 1455 1025 uterque
1487 974 1636 1014 oratio-

161 1062 259 1091 nem
308 1051 358 1092 ad
385 1052 626 1105 judicialem
659 1052 835 1093 formam
872 1052 1049 1093 effictam
1081 1052 1236 1094 habuit.
1268 1053 1503 1095 Lucianum
1537 1069 1634 1110 sup-

163 1147 271 1188 pone
302 1148 376 1189 pro
411 1134 590 1189 Cratino,
620 1135 936 1189 „Rhetoricam”
954 1149 1027 1190 pro
1049 1135 1336 1190 „Comoedia,'⁷
1358 1137 1635 1193 „Dialogum”

162 1231 236 1272 pro
283 1218 593 1270 „Temulentia”
638 1223 677 1261 et
709 1219 836 1260 habes
870 1222 1164 1273 argumentum
1200 1220 1370 1261 alterius
1401 1223 1530 1275 partis
1562 1222 1635 1264 Bis

163 1301 362 1343 Accusati
393 1301 604 1344 Lucianei.
632 1305 888 1345 Asseverare
912 1307 1050 1344 tamen
1078 1304 1292 1344 satiricum
1318 1305 1452 1358 ipsam
1472 1305 1635 1352 Πυτίνην

162 1385 371 1426 imitatum
419 1398 509 1427 esse
555 1399 639 1427 non
687 1387 832 1439 audeo,
878 1387 976 1440 quia
1017 1386 1160 1439 plures
1203 1385 1443 1429 subsimiles
1473 1388 1639 1431 fabulae

164 1479 254 1508 esse
302 1471 540 1522 potuerunt.
592 1468 702 1518 Quid
750 1470 861 1510 enim
910 1470 1147 1523 argumenti
1191 1469 1271 1510 fuit
1316 1469 1481 1512 fabulae
1532 1470 1634 1524 „Alc

510 1551 518 1567 7

165 1549 502 1602 nmmyopov'aevoq’
551 1553 699 1593 comici
730 1552 934 1606 Augeae?

222 1633 396 1688 Proprio
443 1636 573 1689 igitur
619 1635 752 1677 Marte
798 1649 931 1676 meam
978 1636 1295 1689 inquisitionem
1344 1638 1555 1692 perficiam
1599 1642 1638 1680 et

162 1717 362 1758 comicam
411 1719 614 1772 originem
660 1732 744 1759 non
794 1720 1096 1760 sententiarum
1138 1719 1308 1761 fortuita
1352 1721 1639 1776 similitudine,

163 1800 235 1841 sed
266 1804 352 1842 toto
383 1801 586 1843 librorum
620 1806 866 1857 argumento
899 1804 1163 1856 interpretari
1195 1803 1386 1845 conabor.

219 1883 251 1924 I.
294 1883 562 1940 Quicumque
601 1887 723 1927 hilari
756 1891 797 1928 et
822 1887 965 1940 Jocoso
998 1890 1060 1928 est
1091 1888 1242 1941 animo,
1274 1901 1415 1930 nonne
1446 1889 1640 1944 Dialoyos

160 1967 415 2010 Meretricios
463 1970 656 2011 adamare
703 1970 836 2024 debet,
882 1970 956 2011 ubi
1002 1971 1274 2012 mulierculae
1315 1985 1412 2013 cum
1447 1976 1639 2015 amatori-

158 2050 251 2104 bus,
298 2052 504 2095 matribus
538 2054 604 2095 vel
636 2054 807 2095 famulis
839 2055 1026 2096 rixantes
1055 2058 1127 2096 aut
1153 2055 1472 2099 confabulantes
1503 2058 1639 2113 lepide

159 2138 454 2180 inducuntur?
502 2137 746 2179 Cavendum
793 2142 932 2179 tamen
980 2142 1042 2180 est
1087 2151 1140 2180 ne
1188 2140 1520 2194 elegantissimas
1560 2143 1637 2185 has

163 2223 370 2276 imagines
433 2234 487 2262 ex
543 2222 782 2276 aequalium
840 2222 925 2262 vita
979 2235 1001 2262 a
1059 2221 1245 2263 Luciano
1303 2228 1491 2278 sumptas
1548 2238 1638 2268 esse

160 2309 372 2360 putemus,
425 2309 465 2346 et
510 2306 779 2346 recordemur
825 2309 997 2360 oportet,
1045 2310 1300 2361 quantopere
1346 2308 1543 2362 rhetores,
1592 2313 1639 2351 ut

159 2389 390 2443 Alciphron
438 2392 478 2430 et
508 2390 814 2442 Aristaenetus,
846 2390 1101 2430 comoediam
1133 2391 1177 2430 in
1209 2404 1376 2444 prosam
1411 2394 1639 2434 orationem

158 2475 324 2512 mutare
372 2471 622 2512 studuerint.
670 2472 847 2526 Propter
892 2473 1140 2514 immensam
1185 2487 1282 2515 vero
1317 2474 1637 2518 Comoediarum

159 2554 376 2596 Novarum
419 2556 577 2609 copiam
622 2559 662 2596 et
704 2557 899 2609 exiguam
944 2569 1051 2610 quae
1091 2557 1142 2597 ad
1174 2570 1250 2598 nos
1282 2559 1472 2611 pervenit
1505 2559 1555 2601 de
1585 2561 1638 2602 iis

159 2639 362 2691 notitiam,
411 2651 517 2692 quae
558 2639 601 2678 in
645 2639 824 2692 singulis
868 2639 1059 2693 exempla
1102 2638 1314 2681 Lucianus
1357 2646 1529 2683 secutus
1573 2644 1639 2697 sit,

160 2720 389 2773 dijudicare
435 2733 620 2774 nequeo3
669 2725 715 2761 ut
759 2725 898 2762 tamen
939 2726 1282 2775 argumentorum
1317 2724 1637 2766 similitudinem

161 2817 402 2859 cognoscas,
435 2804 646 2860 dialogum
681 2804 746 2846 IX
778 2805 966 2846 conferas
999 2818 1094 2847 cum
1121 2805 1343 2848 Menandri
1370 2807 1638 2865 Θρασυλέοντι,
