1934 3334
913 337 995 376 139

211 476 337 517 1878.
369 475 421 517 A.
456 474 665 516 SchwarZ.
697 475 835 517 Ueber
864 475 1054 518 Lukians
1088 475 1320 518 Demonax.
1358 476 1543 532 Wien.†

211 559 336 600 1879.
366 558 404 599 J.
436 558 638 611 Bernays.
671 557 838 600 Lukian
871 560 958 601 und
995 560 1062 601 die
1095 559 1288 612 Oyniker.
1321 559 1477 601 Berlin.
1496 560 1527 615 †

212 642 337 683 1880.
368 641 418 682 K.
452 641 654 683 Jacobitz.
690 642 888 697 Ausgew.
924 642 1133 684 Schriften
1165 643 1237 684 des
1268 642 1468 684 Lukians.

213 725 337 766 1881.
368 724 415 765 Ε.
447 724 696 766 Wildenow.
730 724 794 767 De
828 725 1027 780 Menippo
1061 725 1234 778 Cynico.
1267 725 1450 781 Halle.†

371 808 416 849 P.
477 807 517 848 O.
574 808 833 863 Margadant.
886 808 949 850 De
996 808 1184 850 Luciano
1233 810 1476 864 aequalium
1525 823 1700 851 suorum

431 904 614 933 censore.
650 891 1041 946 Hagae-Comitum.
1060 893 1091 947 †

213 976 337 1016 1882.
370 975 412 1016 F.
445 974 704 1017 Fritzschius
739 976 869 1017 edidit
901 975 1138 1017 Lucianum
1170 975 1246 1026 III,
1280 977 1316 1016 2.
1349 975 1592 1031 Rostock.†

373 1058 544 1100 Oroiset.
577 1058 641 1100 De
672 1058 850 1100 Luciani
881 1060 970 1100 vita
1003 1072 1051 1100 ac
1084 1060 1263 1113 scriptis.
1296 1059 1480 1100 Parisiis.

372 1142 411 1183 J.
452 1141 627 1183 Vahlen.
670 1141 848 1183 Luciani
890 1154 998 1196 quae
1036 1143 1244 1183 sententia
1287 1142 1414 1184 fuerit
1444 1142 1497 1183 de
1529 1142 1702 1195 cynicis.

433 1225 590 1266 Berlin.

214 1309 338 1349 1883.
370 1308 416 1349 P.
464 1307 655 1349 Schulze.
705 1306 821 1356 Quae
853 1308 959 1348 ratic
991 1307 1222 1349 intercedat
1253 1309 1364 1349 inter
1394 1307 1631 1349 Lucianum
1665 1310 1705 1349 et

437 1392 620 1432 comicos
654 1390 911 1432 Graecorum
945 1394 1101 1445 poetas.
1134 1391 1341 1446 Berlin-{-

374 1474 426 1517 A.
460 1474 582 1515 Baar.
616 1473 702 1515 Der
732 1474 1076 1528 Pseudosophist.
1109 1474 1280 1529 Gcrle-

217 1558 341 1599 1884.
373 1557 453 1598 Ad.
485 1557 687 1598 Thimme.
720 1556 999 1606 Quaestiones
1031 1556 1280 1600 Lucianeae.

217 1641 342 1682 1885.
373 1641 423 1682 A.
456 1640 672 1682 Heinrich.
706 1640 871 1682 Lukian
905 1641 993 1681 und
1023 1640 1176 1681 Horaz.
1211 1640 1377 1695 Graz.†

217 1725 340 1766 1886.
371 1725 420 1766 R.
454 1725 631 1766 Fcrster.
659 1724 821 1766 Lucian
854 1725 898 1765 in
933 1725 1006 1766 der
1038 1724 1337 1768 Renaissance.
1370 1724 1476 1766 Kiel.

372 1809 425 1851 H.
470 1809 666 1850 Richard.
712 1808 854 1851 Ueber
901 1809 969 1850 die
1017 1786 1372 1864 Lykinoedialoge
1422 1809 1494 1851 des
1526 1808 1705 1850 Lukian.

433 1892 668 1947 Hamburg.
687 1892 718 1947 †

375 1976 602 2018 Lucianus.
636 1975 897 2030 Recognovit
928 1975 966 2016 J.
1002 1974 1316 2017 Sommerbrodt
1347 1976 1379 2030 I,
1415 1977 1452 2018 1.

221 2060 345 2101 1887.
378 2059 419 2101 Ο.
452 2060 628 2114 Burger.
662 2058 725 2101 De
757 2058 888 2100 Lucio
922 2059 1129 2100 Patrensi.
1161 2058 1320 2102 Berlin.

215 2144 340 2184 1888.
373 2143 429 2184 M.
461 2143 695 2185 Roths‘cein.
731 2141 1008 2191 Quaestiones
1042 2141 1290 2184 Lucianeae.
1324 2142 1530 2198 Berlin-{⁴

375 2226 412 2267 J.
447 2227 601 2267 Bruns.
634 2225 823 2267 Lukians
855 2225 954 2280 phil.
989 2225 1165 2266 Satiren.
1199 2225 1322 2278 (Mus.
1355 2225 1550 2281 Rhen.)†

377 2309 447 2350 Th.
492 2308 623 2350 Kock.
665 2308 831 2350 Lukian
876 2308 964 2349 und
1001 2308 1067 2349 die
1099 2307 1317 2349 Komcdie.
1354 2307 1478 2360 (Mus.
1509 2307 1708 2363 Rhen.)†

218 2393 341 2433 1889.
372 2393 443 2433 Th.
471 2392 601 2434 Kock.
620 2391 890 2433 Comicorum
911 2392 1150 2432 Atticorum
1168 2391 1433 2445 Fragmenta.
1451 2391 1564 2433 Tom.
1581 2392 1656 2433 ΠΙ.
1676 2393 1707 2447 ’ᾆ-

218 2477 341 2517 1891.
373 2476 418 2517 P.
451 2476 640 2518 Schulze.
672 2475 735 2517 De
767 2475 1007 2517 Saltatione.
1041 2475 1192 2525 (Fleck.
1225 2475 1369 2515 Jahrb.
1406 2475 1563 2529 143‚)†

377 2559 418 2600 G.
453 2559 506 2600 Η.
539 2558 637 2601 Dee.
670 2558 733 2600 De
764 2560 938 2612 ratione,
973 2571 1081 2612 quae
1113 2562 1175 2599 est
1192 2560 1303 2599 inter
1319 2559 1504 2599 Asinum
1522 2557 1705 2599 Pseudo-

434 2642 677 2682 lucianeum
708 2641 951 2695 Apuleique
983 2640 1377 2694 Metamorphoseon
1408 2640 1598 2695 libros-1·
