1934 3334
1001 344 1082 385 106

297 483 441 537 puisse
487 483 597 535 dicit,
638 486 684 524 ut
723 484 867 525 hilaris
909 485 1091 525 narratio
1132 486 1322 528 homines
1365 487 1583 541 litteratos,
1627 500 1723 529 cum
1756 501 1780 530 a

299 569 421 610 seriis
462 569 785 622 requiescerent,
826 580 1015 610 recreare
1054 573 1205 623 posset.
1236 571 1295 612 At
1325 571 1428 612 utile
1461 571 1574 613 dulci
1605 573 1780 614 miscere

297 652 446 704 voluit,
488 664 583 692 cum
626 651 834 692 mirabilia
878 653 1172 706 exaggerando
1205 654 1456 709 ostenderet,
1490 668 1617 709 quam
1649 656 1782 710 inepti

299 738 442 776 essent
474 735 534 774 illi
565 734 832 788 fabulatores,
866 736 939 789 qui
969 736 1200 777 mentiendi
1231 736 1406 778 libidine
1431 737 1592 792 abrepti
1616 738 1781 779 inaudi-

298 821 361 858 tas
394 817 666 870 narrationes,
700 819 822 871 quasi
855 817 934 859 sibi
967 819 1068 872 ipsis
1101 820 1360 873 accidissent,
1391 821 1655 863 auditoribus
1682 834 1782 863 ven-

299 892 449 942 ditare*
474 905 737 942 conarentur.
779 901 843 943 Ne
875 906 1015 943 tamen
1050 904 1288 957 quisquam,
1320 905 1421 958 quid
1453 906 1544 959 ipse
1575 905 1626 946 de
1657 905 1780 947 mira-

297 982 453 1024 bilibus
496 984 682 1037 sentiret,
726 984 949 1038 dubitaret,
992 985 1212 1027 manifeste
1253 987 1502 1028 declaravit:
1542 985 1626 1028 ἐπεὶ
1658 986 1779 1038 μηδὲν

296 1065 436 1114 ἀληθὲς
479 1067 630 1118 ἱστορεῖν
674 1063 793 1118 εἶχον,
826 1066 889 1108 ἐπὶ
922 1068 963 1109 τὸ
995 1068 1136 1119 ψεῦδος
1168 1069 1387 1121 ἐτρκπόμην
1418 1070 1517 1111 πολὺ
1548 1073 1621 1112 τῶν
1652 1069 1781 1112 ἄλλων

296 1150 654 1202 εὐγνωμονέστερον·
683 1149 719 1191 ἓν
747 1150 823 1203 γὰρ
850 1151 896 1198 δὴ
923 1155 1035 1193 τοῦτο
1061 1152 1258 1199 ἀληθεύσω
1276 1153 1412 1204 λέγων,
1431 1152 1485 1195 ἔτι
1501 1152 1696 1206 ψεύσομαι
1710 1155 1778 1208 (4).

355 1233 483 1275 Haud
524 1235 697 1288 ignarus
729 1239 886 1288 autem,
921 1249 1046 1289 quam
1080 1249 1278 1290 prospere
1308 1237 1379 1278 illa
1409 1238 1567 1278 ironica
1599 1239 1779 1279 narratio

298 1317 377 1359 sibi
425 1319 629 1371 cessisset,
672 1330 716 1359 se
756 1322 899 1372 postea
941 1319 1086 1360 eodem
1129 1320 1252 1361 modo
1294 1324 1582 1374 perrecturum
1615 1333 1707 1363 esse
1734 1323 1779 1362 in

298 1401 383 1442 fine
416 1401 588 1442 alterius
621 1400 718 1441 libri
751 1401 818 1454 (II,
850 1402 920 1453 47)
947 1403 1146 1456 promisit.
1164 1402 1366 1444 Proxima
1384 1417 1480 1459 ergo
1498 1405 1780 1459 disputatione

298 1486 578 1540 inquiramus,
610 1498 712 1526 num
746 1486 847 1527 haec
880 1487 1084 1540 promissa
1116 1488 1377 1541 praestiterit.

456 1676 495 1716 3.
527 1674 593 1717 De
623 1676 797 1730 ratione,
829 1690 934 1731 quae
964 1677 1074 1718 inter
1105 1676 1281 1718 Lucium
1310 1676 1555 1719 Patrensem
1584 1680 1623 1719 et

795 1760 1030 1802 Duciamcm
1060 1761 1284 1802 intercedit.

355 1909 506 1950 Varios
552 1909 673 1951 Lucii
711 1911 882 1964 juvenis
922 1912 967 1951 in
1006 1912 1175 1952 asinum
1220 1911 1372 1952 mutati
1414 1924 1550 1965 casus,
1587 1914 1629 1953 et
1675 1924 1778 1966 quo-

298 1993 424 2034 modo
466 1995 510 2034 in
545 1998 730 2035 veterem
760 1996 982 2036 restitutus
1015 1996 1069 2036 sit
1098 1994 1294 2044 formam,
1327 1994 1410 2035 duo
1443 1995 1666 2049 scriptores
1696 1993 1779 2036 Lu-

299 2079 446 2120 cianus
494 2080 539 2119 in
585 2078 740 2132 fabula,
788 2080 857 2120 cui
905 2092 1063 2120 nomen
1111 2082 1175 2120 est
1220 2078 1374 2119 Lucius
1420 2079 1503 2120 sive
1549 2078 1708 2119 Asinus
1740 2082 1780 2120 et

297 2163 505 2216 Apuleius
537 2164 582 2203 in
614 2162 1026 2217 Metamorphosibus
1053 2162 1174 2204 nobis
1202 2166 1437 2204 narrarunt.
1453 2161 1617 2203 Tertius
1634 2165 1780 2203 auctor

299 2258 320 2286 e
366 2245 505 2286 Photii
546 2245 806 2287 Bibliotheca
847 2247 895 2298 (c.
931 2247 1028 2299 129)
1063 2247 1331 2300 cognoscitur
1361 2245 1519 2286 Lucius
1550 2245 1778 2300 Patrensis,

300 2330 373 2382 qui
402 2330 447 2369 in
480 2329 646 2371 duobus
678 2331 829 2384 primis
861 2343 1037 2371 suarum
1072 2330 1466 2384 Metamorphoseon
1493 2330 1611 2372 libris
1627 2330 1774 2372 eodem

299 2416 549 2466 argumento
585 2426 688 2454 usus
720 2417 793 2454 est.
830 2412 947 2462 Quae
978 2413 1118 2454 Photii
1151 2413 1278 2455 verba
1307 2415 1364 2454 ita
1394 2414 1614 2468 leguntur:

355 2494 595 2545 Ἀνεγνώσθη
625 2496 784 2537 Λουκίου
813 2495 993 2547 Ποιτρέως
1016 2495 1355 2548 μετοιμορφώσεων
1371 2497 1475 2546 λόγοι
1493 2495 1673 2549 διάφοροι.
1695 2497 1778 2538 ἔστι

298 2576 338 2618 δὲ
365 2577 433 2623 τὴν
460 2577 600 2630 Φράσιν
628 2579 762 2631 σαφής
791 2595 833 2620 τε
859 2578 926 2620 καὶ
955 2580 1116 2631 καθαρὸς
1133 2578 1200 2620 καὶ
1217 2579 1331 2631 φίλος
1348 2578 1602 2629 γλυκύτητος·
1616 2579 1776 2631 φεύγων

297 2660 337 2701 δὲ
378 2660 446 2706 τὴν
488 2662 525 2702 ἐν
567 2662 692 2712 λόγοις
735 2663 978 2713 κκινοτομίκν
1020 2663 1070 2709 εἷς
1113 2662 1327 2714 ὑπερβολὴν
1369 2662 1488 2704 διώκει
1525 2662 1594 2710 τὴν
1625 2663 1663 2704 ἐν
1694 2667 1775 2710 τοῖς

297 2743 513 2794 διηγήμασι
555 2746 764 2795 τεροετείκν,
797 2745 866 2788 καὶ
899 2748 947 2793 ὡς
979 2745 1026 2787 ἄν
1058 2762 1116 2792 τις
1147 2745 1252 2793 εἴποι,
1286 2745 1405 2792 ἄλλος
1438 2744 1519 2786 ἐστὶ
1552 2745 1774 2792 Λουκιανός.

299 2826 330 2868 οἱ
366 2827 406 2868 δέ
448 2844 496 2878 γε
528 2832 662 2880 πρῶτοι
694 2831 812 2872 αὑτοῦ
845 2829 908 2872 δύο
939 2830 1044 2880 λόγοι
1077 2829 1189 2880 μόνον
1220 2830 1259 2870 οὐ
1291 2828 1598 2882 μετεγράφησοιν
1629 2829 1777 2882 Λουκίῳ
