1934 3334
1027 343 1078 383 16

370 468 420 508 V.
453 468 668 509 Lucianus
701 468 743 508 in
777 467 1021 509 Alexandro
1056 468 1103 519 (c.
1131 468 1201 520 48)
1229 467 1279 509 de
1309 467 1398 508 divo
1424 466 1564 509 Marco
1590 467 1792 523 loquitur,

313 565 420 606 quae
453 551 579 593 verba
611 553 741 605 igitur
772 554 866 605 post
899 551 981 591 180
1015 551 1169 605 scripta
1202 563 1294 592 esse
1327 553 1489 592 constat
1506 551 1547 604 1).

367 635 492 677 Nunc
524 636 574 676 ad
607 634 779 676 Suidam
809 638 848 676 et
876 636 1054 676 crimina
1085 636 1270 676 virorum
1301 635 1519 676 doctorum
1547 635 1792 679 redeamus!

369 718 497 759 Suida
542 717 778 760 Lucianum
829 721 925 760 ante
967 731 1125 759 annum
1173 718 1253 758 117
1299 722 1441 760 natum
1477 732 1570 761 esse
1602 722 1792 774 testante,

309 801 555 843 Dindorfius
588 803 696 843 dixit
727 802 874 854 (Praef.
909 802 1020 842 Edit.
1052 802 1234 843 Tauchn.
1269 816 1305 857 p.
1339 802 1417 853 VI)
1455 804 1522 856 „id
1551 807 1691 846 autem
1717 804 1793 845 fal-

311 900 405 928 sum
437 888 509 940 est,
538 899 635 926 nam
665 898 771 940 quae
798 887 842 926 in
870 885 1047 926 Luciani
1076 887 1240 939 scriptis
1268 888 1541 940 reperiuntur
1558 891 1791 942 temporum

310 973 433 1011 notae
475 983 619 1011 omnes
656 982 703 1011 eo
749 970 940 1022 tendunt,
974 972 1020 1010 ut
1053 973 1254 1024 regnante
1285 969 1515 1024 Hadriano,
1547 973 1670 1013 cuius
1700 983 1794 1026 reg-

311 1067 413 1095 num
456 1055 498 1094 in
542 1066 673 1094 annos
712 1053 822 1093 cadit
872 1053 1101 1093 117—138
1135 1056 1274 1107 natus,
1305 1057 1507 1108 regnante
1542 1066 1640 1095 vero
1672 1053 1793 1096 Com-

311 1139 435 1179 modo
468 1151 521 1179 ex
555 1139 641 1178 vita
673 1137 904 1178 excessisse
935 1135 1170 1178 videatur.''

371 1220 486 1270 Quae
503 1224 639 1262 autem
658 1221 753 1262 illae
774 1223 1033 1274 „temporum
1055 1219 1204 1261 notae’'
1223 1220 1321 1273 sint,
1338 1220 1523 1261 indicare
1541 1220 1790 1275 supersedit.

368 1305 405 1347 J.
447 1304 759 1347 Sommerbrodt
799 1304 945 1357 (Praef.
988 1304 1097 1345 Edit.
1140 1304 1319 1345 Weidm.
1363 1318 1400 1359 p.
1436 1305 1485 1357 1.)
1520 1304 1570 1347 de
1602 1304 1788 1346 Luciano

309 1389 511 1443 loquitur,
563 1389 738 1442 „dessen
785 1388 1033 1430 Lebenszeit
1081 1392 1186 1429 etwa
1229 1401 1312 1429 von
1359 1389 1588 1430 120--200
1621 1402 1660 1430 n.
1694 1388 1787 1430 Chr.

308 1472 438 1514 fallt.''
479 1473 679 1527 Vulgaris
722 1476 859 1514 tamen
903 1474 1046 1527 opinio
1080 1476 1143 1514 est
1174 1471 1409 1513 Lucianum
1443 1486 1552 1514 anno
1584 1472 1670 1515 fere
1705 1473 1787 1514 125

311 1561 457 1599 natum
492 1570 593 1599 esse.

369 1642 426 1683 At
474 1655 558 1696 qno
603 1642 754 1683 nititur
798 1641 869 1682 ille
915 1653 1052 1682 annus
1099 1640 1214 1680 125?
1258 1638 1396 1689 Quare
1427 1640 1531 1682 fides
1564 1639 1717 1682 Suidae
1745 1641 1791 1681 in

313 1726 488 1768 dubium
520 1725 725 1767 Vocatur?

373 1810 610 1851 Audiamus
656 1808 781 1850 verba
827 1808 881 1848 M.
927 1807 1180 1849 Rothsteinii
1227 1805 1483 1858 (Quaestion.
1532 1805 1705 1848 Lucian.
1753 1820 1792 1861 p.

314 1895 445 1946 117.):
479 1894 655 1947 „Narrat
681 1894 770 1948 ipse
796 1892 1009 1934 Lucianus
1037 1904 1080 1933 se
1108 1904 1234 1946 prope
1253 1866 1630 1945 quadragenarium
1652 1890 1794 1931 studia

311 1978 516 2018 rhetorica
558 1977 792 2018 deseruisse
835 1979 875 2017 ct
917 1975 1127 2016 scribendi
1169 1974 1276 2015 illud
1308 1986 1457 2028 genus,
1491 1986 1573 2028 quo
1607 1974 1794 2014 maxime

311 2074 451 2115 neque
483 2062 573 2102 sine
605 2073 731 2101 causa
757 2060 970 2114 gloriatur,
988 2059 1262 2112 conjunctum
1283 2070 1304 2099 e
1323 2058 1488 2112 dialogo
1506 2057 1792 2112 philosophico

312 2148 352 2185 et
384 2144 608 2193 comoedia,
640 2144 774 2185 colere
805 2144 1012 2197 incepisse
1044 2146 1084 2183 et
1115 2142 1283 2196 scripsit
1311 2141 1669 2195 quadragenarius
1686 2140 1793 2181 Her-

313 2229 546 2280 motimum,
580 2240 662 2281 quo
693 2227 737 2267 in
770 2226 908 2267 libello
941 2227 1131 2267 omnium
1163 2225 1249 2266 fere
1281 2226 1465 2266 maxime
1494 2225 1618 2266 etiam
1646 2237 1668 2266 e
1699 2224 1796 2265 Pla—

313 2313 424 2352 tonis
452 2311 714 2365 dialogorum
742 2311 974 2351 imitatione
991 2310 1154 2364 pendet.
1172 2311 1315 2363 Atque
1334 2309 1499 2362 scripsit
1515 2307 1793 2362 Peregrinum
1865 2295 1868 2298 ⁴

314 2409 423 2436 anno
470 2396 561 2436 165.
595 2395 743 2449 Itaque
776 2399 936 2436 certum
970 2398 1033 2436 est
1064 2394 1299 2435 Lucianum
1332 2392 1472 2447 paullo
1506 2395 1601 2433 ante
1633 2404 1791 2432 annum

316 2479 397 2519 165
440 2479 491 2519 ad
524 2492 681 2519 novum
715 2478 928 2519 scribendi
959 2490 1094 2532 genus
1128 2489 1172 2518 se
1205 2476 1461 2517 convertisse
1494 2479 1534 2516 et
1565 2487 1675 2515 anno
1705 2474 1793 2515 fere

315 2563 397 2602 125
430 2565 575 2603 natum
610 2560 740 2603 esse.”

315 2696 506 2703 r———d

355 2782 388 2824 1)
425 2783 513 2816 Sunt
548 2793 578 2817 v.
613 2782 645 2816 d.
679 2783 738 2825 qui
775 2783 879 2816 vitam
915 2782 1095 2816 Alexandri
1120 2786 1198 2816 ante
1224 2784 1369 2815 mortem
1394 2779 1440 2815 M.
1463 2780 1592 2814 Aurelii
1616 2779 1789 2823 scriptam,

313 2849 427 2889 postea
448 2846 573 2877 editam
596 2854 666 2877 esse
688 2845 881 2886 opinantur.
