1934 3334
511 993 790 1042 CAPUT
841 994 1201 1043 PRIMUM.

403 1363 703 1398 PRAEFATIO.
742 1364 806 1398 DE
842 1365 965 1399 VITA
1003 1364 1308 1399 SCRIPTORIS.

256 1501 291 1541 1.
324 1501 387 1542 De
415 1500 656 1541 auctoritate
687 1513 735 1540 ac
763 1500 913 1552 qratia,
944 1500 1087 1554 quibus
1116 1500 1330 1541 Lucianus
1360 1501 1473 1552 apud

673 1587 858 1637 posteros
886 1582 1039 1634 floruit.

119 1721 124 1724 ·
184 1707 426 1762 Unicuique
467 1707 679 1762 paulisper
721 1707 843 1748 modo
886 1709 929 1747 in
963 1707 1215 1749 Graecorum
1249 1708 1398 1749 litteris
1431 1711 1598 1750 versato

125 1790 232 1832 illud
258 1790 458 1843 Aeschyli
485 1791 699 1844 cognitum
729 1794 801 1843 est,
830 1792 914 1844 qui,
943 1803 1039 1831 cum
1069 1791 1118 1832 ab
1146 1791 1392 1846 aequalibus
1415 1793 1597 1846 praemio

127 1875 279 1929 dignus
322 1887 406 1915 non
450 1874 688 1928 haberetur,
726 1876 1002 1929 posteriorum
1032 1875 1191 1928 judicio
1224 1875 1407 1917 confisus
1440 1880 1601 1931 tragoe-

126 1959 214 1999 dias
251 1960 427 2013 tempori
460 1971 504 1999 se
536 1958 725 2000 dedicare
756 1959 1056 2012 pronuntiavit.
1087 1960 1229 2013 Atque
1261 1973 1354 2014 spes
1384 1973 1480 2001 eum
1511 1974 1598 2001 non

124 2041 288 2094 fefellit3
341 2043 496 2096 optimo
544 2043 654 2083 enim
697 2043 804 2095 jure,
852 2055 947 2083 oum
997 2042 1107 2096 apud
1153 2043 1308 2084 inferos
1356 2047 1601 2098 moraretur,

124 2127 362 2182 praedicare
404 2126 549 2180 potuit,
591 2123 644 2165 ὅτι
690 2124 711 2171 ἦ
751 2124 896 2172 ποίησις
928 2123 1018 2176 οὐχὶ
1051 2125 1173 2177 ἑαυτῷ
1204 2125 1457 2174 συντέθνηκεν,
1491 2140 1600 2182 quae

125 2212 225 2251 sunt
266 2208 392 2250 verba
432 2209 738 2263 Aristophanis,
776 2209 848 2263 qui
882 2209 932 2250 de
963 2208 1221 2261 Aeschyleae
1253 2223 1424 2264 poeseos
1456 2211 1596 2252 indole

125 2305 170 2334 se
200 2293 501 2347 peritissimum
530 2292 712 2345 judicem
747 2293 964 2346 praestitit.

183 2376 369 2418 Eandem
397 2376 482 2417 fere
509 2375 719 2416 fortunam
747 2379 945 2430 expertus
973 2378 1035 2417 est
1060 2375 1286 2430 Lucianus,
1307 2378 1428 2418 ouius
1447 2378 1600 2432 scripta

125 2460 342 2514 explorare
368 2460 670 2514 ingeniumque
697 2458 940 2513 dignoscere
969 2459 1070 2499 mihi
1088 2460 1209 2500 estin
1227 2461 1378 2501 animo.
1398 2459 1600 2509 Quamvis

125 2544 237 2586 enim
285 2543 335 2584 ab
375 2542 622 2597 aequalibus
664 2543 813 2597 iisque,
856 2543 929 2596 qui
971 2543 1137 2584 saeculo
1182 2544 1372 2597 proxime
1405 2546 1600 2598 sequenti

127 2628 395 2681 scripserunt,
436 2639 489 2668 ne
530 2627 603 2681 qui
644 2627 933 2667 nominaretur
964 2627 1146 2681 quidem,
1180 2627 1333 2682 dignus
1365 2632 1600 2683 putaretur,

126 2711 236 2766 apud
267 2714 468 2765 posteros,
502 2724 585 2765 qua
615 2710 864 2764 merebatur,
895 2710 1038 2751 floruit
1071 2711 1213 2765 gloria.

184 2793 293 2836 Nam
338 2793 670 2846 Byzantinorum
719 2793 989 2848 temporibus,
1036 2807 1130 2834 oum
1175 2795 1325 2849 scripta
1366 2798 1596 2836 ceterorum

1447 2867 1468 2900 1
