1934 3334
887 344 967 385 131

177 495 301 538 opera
342 482 591 537 composuit,
635 493 742 536 quae
780 482 890 523 inter
931 482 1075 522 omnia
1116 481 1274 522 eximia
1323 493 1415 522 esse
1444 483 1558 535 puto,
1591 480 1665 521 sed

179 548 445 607 conriciandi
488 565 662 606 libidine
710 564 913 618 pellectus
960 577 1286 619 nonnumquam
1339 565 1470 606 nimis
1521 563 1668 605 acerbe

180 649 379 690 inimicos
410 648 668 703 perstrinxit.

236 732 295 773 At
325 734 523 786 provecta
548 732 637 784 jam
669 733 886 772 senectute
919 731 1053 771 animi
1085 730 1292 772 libertatis
1327 729 1482 772 oblitus
1509 729 1668 771 Roma-

178 827 332 855 norum
375 814 566 855 adulator
596 813 742 867 factus,
775 813 926 854 deinde
957 814 1128 867 ingenio
1162 813 1412 855 hebescente
1444 813 1495 854 ad
1526 814 1668 855 rheto-

176 898 285 938 ricas
318 897 658 950 declamationes,
691 909 796 950 quas
823 897 996 949 juvenis
1031 897 1232 949 exercuit,
1264 896 1456 950 relapsus
1489 898 1564 937 est.

236 979 280 1021 Si
311 982 407 1034 quis
441 969 583 1021 autem
619 992 688 1022 me
719 982 850 1034 roget,
885 979 986 1033 quid
1021 979 1071 1020 de
1102 979 1292 1020 Luciano
1329 993 1540 1033 censeam,
1568 993 1666 1021 eum

178 1076 264 1104 non
297 1064 433 1118 magis
465 1066 632 1118 propter
663 1063 905 1117 aequalium
942 1063 1286 1116 superstitionem
1318 1065 1357 1104 et
1375 1063 1667 1105 credulitatem

178 1147 318 1188 elusas
362 1160 492 1201 quam
534 1149 704 1202 propter
748 1145 931 1200 lepidam
966 1148 1005 1186 et
1039 1147 1264 1186 venustam
1300 1148 1433 1186 artem
1471 1145 1670 1186 narrandi

177 1230 282 1271 mihi
312 1231 607 1285 gratissimum
642 1241 733 1270 esse
765 1228 1010 1282 respondeo.
1044 1227 1140 1268 Non
1176 1228 1476 1269 Alexandrum
1512 1229 1670 1282 solum,

178 1314 251 1355 Sed
296 1313 429 1355 Veras
471 1313 694 1365 Historias,
737 1311 896 1353 librum
944 1312 994 1352 de
1026 1311 1217 1353 Mercede
1251 1311 1491 1364 Oonductis,
1526 1311 1669 1353 Philo-

174 1397 367 1451 pseudes,
386 1396 653 1449 Convivium,
670 1395 868 1450 Dialogos
887 1394 1155 1447 Meretricios,
1174 1395 1360 1435 Asinum
1380 1398 1422 1435 et
1439 1395 1663 1448 pulchram

175 1480 294 1521 illam
327 1479 493 1521 Somnii
525 1479 852 1533 descriptionem
887 1479 931 1518 in
967 1478 1127 1519 deliciis
1160 1477 1307 1518 habeo.

233 1563 398 1605 Verum
447 1576 532 1604 non
579 1563 720 1604 solum
763 1562 838 1603 toti
880 1561 978 1602 libri
1021 1573 1068 1602 eo
1107 1561 1281 1602 nomine
1314 1562 1421 1601 -sunt
1452 1560 1670 1614 laudandi,

176 1647 304 1688 etiam
350 1648 395 1687 in
439 1647 657 1688 rhetoricis
705 1645 902 1700 operibus
949 1644 1128 1686 fabellae
1178 1644 1311 1685 facete
1358 1647 1550 1685 narratae
1599 1644 1668 1685 hic

176 1731 263 1772 illic
294 1744 462 1786 sparsae
492 1731 780 1771 inveniuntur.
812 1728 985 1780 (Harm.
1020 1729 1056 1782 1,
1089 1729 1126 1769 2.
1160 1727 1318 1780 Scytha
1339 1728 1375 1780 1,
1394 1728 1431 1781 2,
1451 1728 1485 1768 9.
1514 1727 1672 1769 Zeuxis

178 1814 333 1855 8—12.
374 1814 570 1855 Electron
614 1814 652 1866 2,
696 1813 733 1853 5.
765 1812 908 1854 Prom.
944 1812 988 1852 in
1022 1811 1100 1852 litt.
1134 1812 1174 1853 4.
1209 1810 1406 1851 Calumn.
1444 1811 1569 1863 2—4,
1605 1810 1672 1864 16,

181 1898 248 1939 18.
295 1898 346 1939 de
385 1897 526 1939 Saltat.
571 1897 637 1950 63,
680 1897 747 1949 64,
789 1895 857 1950 66,
906 1895 972 1949 76,
1011 1895 1078 1948 83,
1114 1895 1198 1948 84).
1229 1893 1448 1943 Quantum
1485 1893 1669 1948 denique

176 1981 392 2023 Lucianus
439 1994 565 2036 opera
606 1984 694 2022 arte
733 1980 842 2022 facta
885 1979 1126 2022 describere
1169 1979 1353 2033 calleret,
1394 1979 1487 2033 loci,
1522 1978 1669 2033 quales

179 2068 280 2107 sunt
324 2065 480 2107 Zeuxis
527 2065 653 2115 4—6‚
694 2065 913 2106 ostendere
959 2066 1150 2118 possunt,
1197 2063 1270 2104 sed
1322 2063 1569 2117 praesertim
1621 2075 1670 2103 eo

178 2149 456 2203 cognoscitur,
499 2148 612 2202 quod
651 2147 893 2202 Raphaelus
933 2147 1080 2189 Italiae
1121 2147 1255 2188 decus
1301 2159 1400 2188 suas
1431 2145 1672 2187 Alexandri

177 2234 218 2273 et
263 2231 462 2273 Roxanes
503 2232 672 2286 nuptias
714 2231 766 2272 ad
798 2230 975 2272 Luciani
1008 2230 1337 2284 descriptionem
1373 2228 1589 2281 (Herodot.
1625 2230 1671 2281 5)

181 2315 407 2358 delineavit
423 2314 470 2366 1).

223 2485 260 2528 1)
283 2486 350 2519 Cfr.
374 2486 416 2519 R.
440 2485 585 2520 Fbrster.
607 2486 734 2522 Lucian
759 2486 794 2518 in
818 2486 877 2518 der
901 2485 1137 2517 Renaissance.
1172 2493 1202 2525 p.
1230 2482 1284 2516 19.
