1934 3334
856 324 907 364 37

147 478 296 507 scenas
329 465 372 504 in
407 464 685 518 epistolarum
717 462 903 504 formam
937 463 1162 516 transtulit,
1193 462 1265 504 sed
1297 463 1422 504 etiam
1454 461 1632 503 Luciani

145 548 300 590 scrinia
343 547 592 601 compilasse
635 559 658 587 a
704 546 923 587 nonnullis
963 560 1001 586 v.
1043 547 1079 586 d.
1123 546 1284 587 dicitur.
1319 544 1439 594 Quod
1465 547 1627 587 crimen

148 634 359 686 quatenus
394 643 543 671 verum
579 630 633 670 sit
658 629 923 683 inquirendo,
952 629 1161 682 judicium
1182 629 1232 670 de
1247 628 1464 670 Toxaridis
1483 642 1629 683 quaes-

143 716 259 756 tione
291 714 465 767 faciam,
501 727 600 754 nam
635 714 670 754 si
703 713 935 767 Alciphron
963 712 1201 754 Lucianum
1232 719 1405 754 secutus
1440 716 1513 767 est,
1546 717 1630 755 tota

145 799 218 839 illa
250 797 401 839 Kockii
432 798 550 850 ratio,
585 810 667 850 qua
698 800 932 850 utrumque
980 798 1224 851 scriptorem
1254 798 1363 838 inter
1390 810 1433 838 se
1461 810 1627 852 compa-

147 895 259 923 rans
292 882 503 922 comicum
536 879 819 934 fragmentum
847 881 1066 921 restituere
1094 881 1267 934 studuit,
1285 894 1477 922 corruere
1495 881 1624 923 debet.

203 964 371 1007 Ceteros
413 965 542 1018 igitur
579 964 704 1017 locos,
735 963 810 1004 ubi
843 963 1077 1018 Alciphron
1110 964 1161 1004 ad
1192 963 1369 1011 Luciani
1400 978 1624 1019 argumen-

142 1052 234 1090 tum
269 1049 505 1102 respexisse
538 1049 741 1101 arguitur,
775 1047 919 1089 ordine
951 1061 1171 1102 exponam.

207 1131 332 1172 Initio
368 1131 521 1185 dialogi
552 1130 753 1172 Lucianei
791 1130 899 1171 Galli
931 1130 1130 1183 Micyllus
1165 1134 1292 1183 sutor,
1319 1144 1415 1172 cum
1447 1132 1627 1186 splendi-

141 1215 243 1256 dam
289 1215 429 1255 divitis
464 1227 651 1267 coenam,
683 1215 752 1255 cui
785 1214 916 1268 pridie
949 1214 1147 1267 adfuerat,
1178 1215 1221 1254 in
1256 1216 1421 1255 somnio
1454 1215 1624 1270 videret,

138 1299 355 1354 gallicinio
406 1301 676 1352 experrectus
722 1311 821 1338 cum
867 1297 977 1352 gallo
1025 1298 1254 1339 domestico
1302 1298 1351 1339 de
1392 1299 1618 1340 hominum

135 1383 306 1424 diversa
339 1385 448 1422 sorte
480 1381 671 1436 amplum
706 1394 945 1422 sermonem
973 1380 1131 1422 habuit.
1160 1381 1288 1435 Apud
1316 1382 1616 1435 Alciphronem

137 1466 263 1519 (310)
313 1465 527 1506 somnium
576 1464 748 1505 fossoris
798 1464 1033 1517 cuiusdam,
1081 1465 1154 1517 qui
1197 1463 1246 1504 ab
1288 1464 1615 1506 Atheniensium

133 1547 296 1602 populo
342 1547 429 1588 dux
477 1547 686 1601 designari
729 1546 808 1587 sibi
852 1548 969 1588 visus
1017 1550 1089 1600 est,
1138 1547 1319 1601 improbi
1365 1548 1465 1601 galli
1510 1561 1612 1589 voce

136 1629 384 1683 dispellitur.
430 1629 480 1669 In
530 1633 708 1683 utraque
755 1630 884 1684 igitur
930 1631 1166 1671 narratione
1207 1630 1344 1685 gallus
1387 1631 1609 1672 dominum

134 1714 414 1754 somniantem
450 1713 501 1753 ad
535 1713 801 1767 quotidianas
835 1715 946 1755 vitae
977 1714 1192 1755 molestias
1221 1718 1399 1768 revocat,
1427 1716 1499 1757 sed
1517 1717 1615 1769 quia

132 1797 238 1837 nihil
271 1800 480 1851 praeterea
514 1797 737 1851 utrobique
769 1797 985 1838 evidenter
1014 1799 1218 1852 congruit,
1238 1802 1379 1839 utrum
1399 1798 1613 1841 Lucianus

133 1881 377 1935 exemplum
427 1881 695 1934 Alciphronis
736 1881 874 1934 fuerit,
917 1895 968 1921 an
1015 1885 1190 1935 uterque
1234 1894 1287 1923 ex
1319 1883 1463 1924 eodem
1496 1883 1609 1925 fonte

130 1965 329 2016 hauserit,
373 1977 424 2004 an
472 1965 588 2005 nulla
634 1966 774 2019 potius
822 1966 1089 2006 necessitudo
1121 1966 1230 2006 inter
1263 1979 1333 2007 eos
1364 1968 1606 2021 intercedat,

132 2047 366 2088 discernere
398 2060 483 2088 non
514 2048 620 2088 licet.

188 2130 349 2172 Deinde
407 2131 659 2172 Convivium
717 2131 978 2174 Lucianeum
1027 2136 1065 2174 et
1114 2133 1383 2187 Alciphronis
1430 2134 1603 2188 epistola

131 2215 166 2254 3.
201 2215 253 2253 55
313 2215 413 2255 viris
464 2214 594 2255 doctis
642 2228 676 2257 e.
709 2229 746 2269 g.
794 2215 1022 2256 Fritzschio
1041 2217 1069 2268 1)
1116 2219 1330 2270 tantopere
1377 2219 1600 2260 convenire

126 2297 333 2347 videntur,
375 2301 421 2338 ut
462 2298 568 2338 hanc
601 2311 674 2352 pro
712 2298 854 2351 „brevi
886 2299 1233 2341 adumbratione''
1264 2300 1378 2341 illius
1409 2301 1599 2342 habeant.

128 2381 260 2423 Paulo
293 2383 529 2424 accuratius
563 2383 900 2437 descriptionem,
934 2398 1062 2438 quam
1097 2385 1208 2426 dedit
1240 2388 1430 2439 uterque,
1462 2385 1601 2426 obser-

127 2478 288 2506 vemus.
336 2465 523 2506 Lucinus
557 2467 681 2520 (apud
712 2465 962 2520 Lucianum)
995 2469 1130 2508 amico
1163 2468 1330 2509 Philoni
1364 2481 1599 2523 occurrens,

127 2562 171 2590 se
218 2550 383 2590 cuidam
434 2551 626 2590 convivio
674 2550 912 2592 interfuisse
954 2555 1104 2603 narrat,
1149 2552 1261 2606 quod
1292 2552 1597 2607 Aristaenetus,

127 2646 226 2674 cum
272 2633 381 2674 filiae
425 2634 593 2687 nuptias
641 2637 790 2688 ageret,
833 2635 1048 2689 splendide
1089 2637 1311 2689 apparavit.
1346 2636 1596 2691 Complures

171 2820 206 2860 1)
231 2820 296 2853 Cfr.
322 2820 379 2852 Ed.
405 2821 483 2853 Luc.
507 2821 593 2853 Prol.
619 2822 658 2853 ad
684 2822 784 2854 Conv.
