1934 3334
898 344 947 383 91

186 483 434 524 formaverat
475 484 557 535 (cfr.
603 482 967 535 Orestautoclides,
999 482 1400 535 Dionysalexander,
1437 481 1662 534 Demotyn-

186 567 350 619 dareus)
382 567 558 608 fortasse
588 567 772 607 indicare
805 567 948 607 voluit.

241 648 357 690 Licet
403 653 541 690 autem
590 651 779 691 homines
827 663 848 691 e
894 649 1204 690 Diadochorum
1249 661 1350 689 aevo
1397 648 1482 700 (15)
1518 649 1662 702 depin-

182 736 337 786 gantur
383 737 422 773 et
470 731 763 786 Olympiaeum
809 733 1066 773 Atheniense
1109 746 1131 772 a
1175 731 1391 772 Hadriano
1434 745 1543 772 anno
1579 732 1661 772 129

182 815 432 867 dedicatum,
490 815 677 856 nondum
733 815 971 856 absolutum
1022 815 1186 855 dicatur
1235 815 1334 867 (24),
1382 814 1661 855 Fritzschium

181 901 321 939 tamen
368 900 539 939 omnino
585 899 706 939 latuit
753 899 796 938 in
841 900 1112 952 antiquorum
1158 902 1248 948 (aut
1291 897 1554 938 Comicorum
1589 901 1662 938 aut

183 981 387 1035 Menippi)
432 982 666 1022 imitatione
709 984 844 1022 totum
880 994 985 1035 opus
1017 982 1185 1022 versari.
1221 980 1284 1020 Ex
1319 980 1402 1021 fine
1434 981 1544 1021 enini
1578 980 1662 1020 dia-

182 1065 277 1119 logi,
327 1065 398 1105 ubi
446 1065 613 1118 Jupiter
662 1065 943 1119 philosophos,
992 1066 1091 1118 quia
1137 1065 1381 1118 religionem
1420 1064 1662 1118 popularem

182 1149 441 1202 impugnent,
473 1161 516 1189 se
547 1149 807 1202 perditurum
843 1161 933 1189 esse
967 1149 1162 1200 minatur,
1194 1147 1264 1188 ille
1297 1149 1361 1187 vir
1390 1147 1537 1188 doctus
1565 1160 1662 1188 con-

182 1231 307 1272 clusit
340 1231 430 1284 (Ed.
464 1231 563 1272 Luc.
595 1231 647 1284 II,
683 1233 716 1272 l.
754 1233 851 1281 159)
884 1245 989 1285 opus
1009 1244 1099 1272 esse
1118 1233 1320 1285 scriptum
1340 1231 1456 1272 brevi
1474 1236 1661 1285 tempore

183 1296 277 1369 post
319 1319 493 1356 mortem
531 1314 585 1355 M.
613 1315 789 1368 Aurelii,
821 1328 915 1356 cum
951 1314 1205 1356 Commodus
1237 1315 1494 1369 philosophis
1526 1327 1663 1368 perse-

184 1399 396 1439 cutionem
428 1398 642 1438 indicaret.

243 1482 300 1522 At
330 1482 421 1535 ipsa
454 1481 580 1522 verba
607 1480 780 1522 Luciani
809 1482 1101 1522 consulamus:
1131 1481 1299 1535 Jupiter
1325 1494 1479 1535 poenas
1498 1481 1661 1522 differre

186 1564 288 1617 vult,
320 1564 510 1615 ἱερομηνία
537 1565 611 1615 ’γαρ
633 1564 746 1611 ἐστιν,
776 1565 824 1610 ὡς
852 1562 944 1614 ’ίο-τε,
974 1566 1101 1614 μηνῶν
1127 1564 1268 1605 τούτων
1285 1563 1486 1615 τεττάρων,
1507 1563 1573 1604 καὶ
1592 1563 1661 1611 ἤδη

184 1646 250 1693 τὴν
279 1647 487 1699 ἐκεχειρίαν
519 1647 864 1699 περιηγγειλάμην.
898 1648 936 1693 ἐς
964 1647 1084 1688 νέωτα
1111 1643 1170 1688 οὖν
1200 1647 1416 1699 ἀρχομένου
1445 1644 1525 1699 ἦρος
1554 1647 1665 1689 κακοὶ

182 1733 308 1776 κακῶς
339 1731 572 1771 ἀπολοῦνται
605 1733 656 1782 τῷ
690 1730 914 1782 σμερδαλέῳ
953 1732 1125 1783 κεραυνῷ,
1158 1745 1265 1786 quae
1298 1733 1424 1773 verba
1456 1746 1477 1773 e
1509 1733 1666 1773 comica

183 1814 340 1855 scilicet
373 1815 525 1868 dialogi
559 1819 707 1856 natura
740 1815 941 1869 explicari
971 1815 1134 1867 debent,
1162 1828 1299 1869 neque
1319 1816 1549 1869 quidquam
1568 1816 1665 1856 serii

183 1899 409 1938 continent.
453 1898 639 1952 Ignavus
682 1900 792 1939 enim
835 1898 1004 1952 Jupiter
1035 1898 1123 1952 (cfr.
1158 1899 1264 1939 Biss.
1300 1900 1396 1939 Acc.
1432 1901 1471 1950 4)
1501 1900 1585 1952 qui,
1613 1911 1665 1939 ne

183 1985 354 2022 strenue
387 1995 507 2036 agere
535 1986 718 2036 cogatur,
746 1995 911 2022 omnem
941 1995 1098 2022 moram
1128 1983 1285 2036 arripit,
1303 1983 1555 2036 supplicium
1576 1983 1664 2036 phi-

182 2063 450 2117 losophorum
485 2065 526 2103 in
560 2078 718 2104 annum
753 2069 1010 2118 sequentem,
1043 2078 1138 2105 cum
1174 2078 1270 2106 vere
1298 2079 1407 2106 novo
1436 2066 1613 2106 fulmina
1641 2079 1663 2106 a

181 2130 436 2199 Cyclopibus
468 2147 580 2187 refici
615 2148 787 2199 soleant,
817 2148 964 2188 differt.
994 2147 1160 2203 Quanto
1190 2149 1349 2188 doctior
1365 2153 1427 2189 est
1445 2149 1511 2189 illa
1532 2149 1663 2189 Fritz-

184 2229 287 2269 schii
317 2230 555 2283 explicatio,
586 2231 657 2283 qui
686 2243 844 2284 poenae
872 2232 1146 2284 prolationem
1177 2244 1224 2272 eo
1253 2232 1387 2284 refert,
1414 2232 1528 2285 quod
1547 2232 1665 2272 Com—

183 2313 332 2353 modus
365 2318 458 2367 post
488 2313 644 2354 bellum
677 2327 773 2354 cum
801 2314 1112 2355 Marcomannis
1129 2315 1295 2356 finitum
1317 2316 1664 2369 supplicationem

184 2396 425 2448 (ἱερομηνίαν)
458 2396 659 2438 Romanis
686 2398 923 2451 indixisset,
951 2411 1024 2452 per
1052 2399 1164 2452 quod
1192 2402 1357 2452 tempus
1375 2399 1558 2453 aliquem
1577 2412 1666 2453 per-

187 2482 307 2534 sequi
345 2481 461 2521 nefas
493 2481 730 2535 putabatur.
766 2481 899 2530 Quam
936 2484 1186 2536 opinionem,
1219 2483 1331 2536 quod
1365 2483 1415 2523 ad
1450 2484 1664 2524 historiam

184 2565 363 2617 pertinet
405 2577 428 2603 a
472 2577 507 2602 v.
554 2565 590 2604 d.
635 2564 819 2605 Brunsio
858 2566 944 2617 Jam
978 2565 1212 2617 refutatam,
1245 2566 1383 2606 denuo
1415 2567 1667 2620 redarguere

185 2647 450 2700 supersedeo,
483 2648 581 2700 quia
614 2649 656 2687 in
690 2652 833 2688 nostro
868 2648 1030 2702 dialogo
1062 2662 1146 2688 non
1178 2650 1448 2702 imperatores
1476 2649 1671 2703 Romani,

185 2729 257 2769 sed
299 2731 480 2770 comicae
523 2743 724 2783 personae
766 2743 787 2771 e
825 2729 1134 2772 Diadochorum
1169 2735 1302 2773 aetate
1334 2736 1374 2773 ct
1405 2734 1568 2785 antiqui
1601 2732 1667 2773 dei

184 2812 318 2866 lepide
360 2813 631 2854 inducuntur.
664 2814 1008 2868 Icaromenippus
1041 2816 1170 2869 igitur
1202 2829 1285 2855 non
1319 2829 1429 2856 anno
1466 2816 1559 2868 180,
1592 2817 1664 2857 sed
