1934 3334
930 350 1010 390 147

918 537 1018 579 XX.

289 643 437 686 Catull.
471 646 538 687 42.
572 646 743 686 13-15

527 734 613 761 non
654 721 759 762 assis
799 720 933 762 facis?
978 733 1000 760 o
1044 720 1193 773 lutum,
1226 719 1417 774 lupanar,

529 807 601 845 aut
632 805 668 845 si
698 804 901 858 perditius
934 806 1069 858 potest
1102 803 1204 857 quid
1236 803 1350 844 esse!

297 887 527 929 Paululum
559 890 696 929 mutes
727 888 795 928 in:
828 900 912 928 non
946 888 1051 928 assis
1082 886 1189 928 facit.
1224 899 1247 927 o
1277 887 1430 941 lutum,
1463 899 1495 942 o·
1523 886 1712 941 lupanar.

918 1011 1040 1052 XXI.

285 1117 434 1159 Catuli.
469 1118 534 1158 55,
571 1117 752 1158 15—18.
786 1116 865 1158 Dic
898 1117 1018 1159 nobis
1053 1117 1126 1159 ubi
1159 1119 1216 1159 sis
1248 1117 1431 1172 futurus,
1463 1118 1538 1159 ede

791 1201 1000 1255 audacter,
1052 1203 1276 1255 committe,
1324 1202 1445 1243 crede
1490 1202 1601 1242 luci!

784 1284 897 1326 Num
930 1288 970 1326 te
1003 1285 1200 1326 lacteolae
1235 1288 1378 1326 tenent
1409 1285 1605 1339 puellae?

286 1367 442 1422 Legere
473 1368 621 1409 velim:
783 1367 862 1408 Dic
902 1367 1023 1409 nobis
1055 1367 1130 1409 ubi
1162 1369 1231 1421 sis,
1267 1380 1444 1409 securus
1478 1367 1565 1420 ede,

783 1452 981 1493 audacter
1012 1453 1238 1505 committe,
1271 1452 1393 1493 crede
1424 1452 1536 1493 luci!

904 1575 1050 1616 XXII.

289 1693 414 1747 Apul.
446 1692 476 1732 Ι.
512 1692 563 1733 10
600 1691 693 1746 (Ed.
724 1691 862 1744 Eyss.)
896 1690 1012 1740 Quae
1039 1705 1137 1733 cum
1169 1691 1348 1733 subinde
1382 1705 1430 1733 ac
1461 1692 1605 1734 multis
1639 1704 1713 1733 no-

235 1778 357 1828 ceret,
387 1774 619 1829 publicitus
650 1774 884 1828 indignatio
917 1774 1190 1828 percrebruit.

293 1858 457 1899 Mutare
498 1858 625 1899 velim
665 1859 730 1898 in:
765 1856 880 1906 Quae
913 1871 1010 1899 cum
1041 1858 1221 1899 subinde
1254 1871 1277 1898 a
1310 1858 1455 1899 multis
1490 1871 1710 1900 nosceren-

230 1945 312 1996 tur,
346 1942 578 1996 publicitus
607 1942 840 1996 indignatio
872 1941 1150 1996 percrebruit.

885 2066 1052 2108 XXIII.

287 2181 414 2236 Apul.
462 2180 495 2235 I,
539 2181 606 2224 17.
649 2181 706 2223 At
748 2194 823 2236 ego
865 2183 992 2224 miser
1032 2182 1182 2224 adficto
1221 2195 1274 2224 ex
1306 2186 1492 2237 tempore
1525 2182 1708 2224 absurdo

222 2265 317 2318 Joco
351 2266 395 2305 in
427 2265 556 2306 alium
590 2278 824 2307 sermonem
857 2267 1134 2308 intentionem
1167 2267 1258 2308 eius
1293 2267 1432 2308 denuo
1466 2267 1621 2308 derivo.

286 2346 337 2388 V.
374 2347 566 2402 „denuo”
598 2348 823 2390 delendum
853 2352 967 2404 puto.

889 2471 1054 2514 XXIV.

285 2577 412 2631 Apul.
444 2577 500 2632 II,
533 2579 568 2619 5.
607 2578 726 2620 Tunc
765 2580 908 2621 minus
950 2582 1180 2635 morigeros
1222 2584 1263 2622 et
1303 2582 1407 2623 viles
1451 2581 1617 2623 fastidio
1659 2582 1705 2622 in

226 2671 331 2700 saxa
361 2662 402 2700 et
431 2661 475 2701 in
506 2673 639 2715 pecua
670 2665 711 2702 et
741 2662 921 2716 quodvis
954 2663 1109 2704 animal
1142 2666 1298 2718 puncto
1330 2664 1542 2705 reformat.

285 2741 478 2784 Fortasse
517 2744 576 2784 ita
605 2745 864 2786 restituenda
895 2749 1017 2787 sunt:
1050 2749 1090 2788 et
1122 2747 1295 2789 serviles
1326 2746 1492 2788 fastidio
1524 2747 1630 2788 irata
1659 2747 1706 2787 in

229 2838 334 2866 saxa
369 2829 446 2866 etc.
