1934 3334
994 350 1049 390 28

296 493 351 535 ad
382 491 556 534 verbum
590 489 891 544 intellegerent,
917 490 1004 543 jam
1039 489 1142 530 satis
1170 488 1272 542 dixi,
1298 490 1339 529 et
1364 488 1415 529 ad
1437 489 1564 531 alium
1584 503 1780 546 errorem,

304 577 378 631 qui
410 575 543 616 multo
577 574 709 628 magis
741 576 804 614 est
835 573 1058 626 notandus,
1090 584 1228 627 perge.

355 658 534 700 Duobus
581 657 745 711 libellis,
794 657 950 711 quibus
997 657 1170 697 nomina
1213 655 1260 696 de
1301 654 1458 696 Balneo
1499 656 1618 698 etde
1649 655 1780 699 Domo

292 747 392 785 sunt
438 743 582 795 indita,
630 741 843 782 liucianus
887 741 1074 782 aedificia
1120 741 1171 781 ad
1219 739 1436 794 publicum
1476 753 1601 781 usum
1635 754 1780 783 recens

292 831 433 882 aperta
480 829 647 881 propter
691 825 895 866 ambitum
944 829 984 866 et
1028 825 1294 880 splendorem
1337 825 1505 865 eximiis
1549 825 1782 867 cumulavit

292 910 500 952 laudibus.
543 909 659 958 Quae
701 922 825 963 opera
869 922 954 950 non
988 908 1135 950 dubito
1171 909 1288 962 quin,
1319 911 1366 948 ut
1396 907 1520 949 hodie
1550 908 1595 949 in
1626 909 1781 950 nostris

292 995 456 1035 diurnis
501 993 883 1034 commendationes
925 993 1136 1047 leguntur,
1169 994 1289 1046 pacta
1322 991 1512 1033 mercede
1542 993 1774 1046 composita

291 1080 385 1120 sint.
418 1078 598 1119 Prorsus
628 1078 708 1118 alia
736 1079 897 1118 ratione
929 1076 1138 1129 Germani,
1170 1076 1411 1130 praesertim
1441 1076 1587 1117 aetatis
1616 1089 1781 1130 praece-

295 1163 445 1215 dentis,
493 1162 605 1216 quod
651 1162 873 1202 consilium
916 1162 960 1201 in
995 1159 1214 1201 scribendo
1247 1162 1419 1200 secutus
1452 1160 1506 1199 sit
1537 1159 1678 1200 rhetor
1709 1172 1782 1201 ex-

293 1248 567 1303 plicaverunt.
618 1246 667 1286 V.
701 1246 739 1287 d.
783 1245 968 1286 Jacobus
1015 1244 1068 1298 (p.
1105 1244 1201 1295 128)
1242 1243 1362 1283 dicit:
1402 1243 1536 1295 „auch
1568 1243 1705 1285 wollte
1737 1256 1782 1285 er

298 1332 489 1386 zugleich
523 1331 589 1372 die
620 1330 804 1383 traurige
834 1328 1108 1370 Gewohnheit
1136 1326 1588 1382 seinerZeitgenossen
1606 1326 1781 1369 Schatze

298 1414 581 1457 aufzuhiiufen
615 1413 888 1455 unvermerkt
919 1410 1197 1466 verspotten'⁷.

356 1499 438 1540 Fac
470 1498 657 1539 Luciano
686 1497 836 1550 juveni
868 1496 1018 1536 luxum
1048 1498 1087 1536 et
1115 1493 1400 1535 aedificiorum
1429 1497 1672 1535 ornamenta
1699 1493 1782 1535 dis-

299 1583 510 1637 plicuisse,
542 1583 598 1622 ita
630 1586 676 1622 ut
709 1581 906 1635 aequales
939 1580 990 1620 ad
1024 1579 1235 1632 simplices
1264 1580 1470 1619 maiorum
1497 1591 1634 1619 mores
1663 1591 1781 1619 revo-

295 1670 416 1720 caret,
465 1679 671 1720 quaenam
720 1678 785 1705 res
828 1677 923 1705 eum
966 1662 1230 1717 impediebat,
1273 1663 1516 1716 quominus,
1561 1674 1668 1716 quae
1700 1661 1784 1703 sibi

296 1751 479 1792 notanda
526 1750 784 1801 viderentur,
831 1748 961 1788 libere
1009 1746 1294 1800 improbaret?
1327 1745 1422 1786 Non
1456 1745 1594 1787 hercle
1625 1747 1661 1787 is
1693 1749 1781 1787 erat

298 1834 524 1887 Lucianus,
563 1835 647 1888 qui,
681 1846 789 1887 quae
823 1825 1099 1886 vituperanda
1135 1831 1316 1883 duceret,
1348 1832 1542 1872 reticeret
1574 1834 1613 1871 et
1645 1830 1781 1885 impli-

298 1921 377 1960 cite
415 1920 648 1973 castigaret,
681 1918 752 1958 sed
787 1918 901 1958 omni
933 1915 1132 1970 scrupulo
1166 1914 1380 1968 liberatus,
1415 1919 1459 1956 ut
1491 1919 1636 1969 postea
1667 1915 1782 1956 Vide-

298 2004 449 2057 bimus,
480 2005 523 2044 in
557 2003 798 2057 aequalium
833 2013 994 2042 errores
1027 2001 1220 2040 invectus
1254 2003 1326 2040 est.

355 2087 504 2141 Neque
536 2087 761 2127 veteriores
795 2089 961 2125 tantum
997 2088 1044 2124 ut
1075 2083 1260 2124 Jacobus
1292 2083 1405 2122 illam
1437 2082 1658 2134 „latentem
1686 2082 1782 2123 sati-

298 2172 413 2213 ram’'
449 2174 491 2212 in
525 2172 684 2212 deliciis
719 2169 940 2221 habebant,
972 2168 1094 2208 hodie
1128 2180 1298 2221 quoque
1330 2168 1439 2207 inter
1467 2165 1695 2207 Germanos
1712 2166 1783 2207 ille

299 2269 413 2297 error
443 2255 563 2296 floret
595 2256 802 2308 vigetque.
835 2253 1051 2306 Inspicias,
1085 2264 1252 2305 quaese,
1283 2250 1538 2290 Graecorum
1566 2250 1781 2290 historiam

299 2339 378 2380 sub
420 2339 705 2379 Romanorum
753 2337 1038 2377 dominatione
1071 2349 1093 2375 a
1130 2349 1162 2374 V.
1198 2335 1245 2375 cl.
1280 2333 1554 2387 Hertzbergio
1587 2333 1782 2387 scriptam

301 2423 367 2477 (ΙΙ.
414 2424 510 2474 508)
556 2426 594 2462 et
638 2422 737 2462 talia
768 2420 895 2462 verba
926 2420 1142 2459 invenies:
1182 2417 1368 2470 „Lucian
1402 2416 1541 2457 wollte
1573 2418 1617 2456 in
1649 2416 1784 2457 dieser

303 2506 457 2548 Schrift
494 2506 696 2559 (loquitur
728 2505 777 2545 de
809 2503 916 2544 libro
951 2503 999 2543 de
1031 2502 1269 2553 Saltatioue)
1301 2501 1454 2541 wieder
1481 2500 1634 2541 einmal
1660 2501 1782 2540 einen

300 2590 509 2631 blendend
556 2589 745 2629 schal-fen
779 2587 943 2641 Spiegel
977 2588 1092 2627 einer
1123 2586 1271 2626 heillos
1304 2584 1551 2626 verkehrten
1584 2583 1782 2624 Zeitrich-

301 2677 408 2727 tung
448 2671 705 2713 vorhalteffl’.
738 2672 989 2725 Nuperrime
1023 2684 1059 2710 V.
1095 2670 1130 2710 d.
1162 2668 1447 2723 Rich-ardus&
1479 2669 1581 2710 haec
1614 2669 1780 2723 scripsit

345 2861 382 2903 1>
407 2860 461 2894 W.
488 2861 644 2902 Riehard,
671 2860 778 2893 Ueber
802 2861 854 2892 die
881 2859 1160 2902 Lykinusdialoge
1184 2859 1240 2891 des
1265 2858 1402 2891 Lucian.
