1934 3334
877 348 957 388 119

174 488 313 542 ῥάβδον
354 487 560 540 &mn-alifa.
604 489 657 529 Π.
702 490 757 529 43
800 488 850 534 εἷς
892 486 1040 528 Μωσέοι
1071 486 1138 528 καὶ
1171 486 1239 534 τὴν
1271 486 1418 539 ἐρυθρὰν
1453 485 1654 528 θοὲλοιττοιν

173 571 414 614 ἀποτείνεται
444 574 575 613 ταῦτα
607 573 696 624 eto.)

227 655 480 697 Testimonia
513 667 695 709 quoque,
725 667 747 695 e
780 654 934 708 quibus
967 655 1145 708 optimos
1177 655 1399 708 gentilium
1434 657 1654 708 poetarum

174 737 449 779 Christianam
493 738 710 778 veritatem
754 738 874 791 quasi
917 749 991 790 per
1023 737 1246 791 caliginem
1280 738 1545 791 perspexisse
1579 741 1651 779 aut

172 822 400 863 sententias
441 833 462 861 e
494 821 622 861 sacris
654 820 772 860 libris
805 820 1072 873 surripuisse,
1104 823 1246 873 patere
1280 820 1505 873 videretur,
1538 822 1654 861 omni

173 903 319 944 ardore
351 903 544 957 colligere
576 902 812 943 studebant.
845 901 956 951 Quid
987 902 1106 943 vobis
1135 904 1179 942 in
1197 905 1442 944 memoriam
1460 917 1651 946 revocem

172 966 480 1041 Vergilianam*
504 985 714 1040 Eclogam,
761 998 867 1039 quae
917 985 1068 1026 Christi
1100 987 1260 1027 natales
1293 987 1500 1029 celebrare
1532 991 1652 1042 puta-

172 1071 306 1124 batur,
347 1070 450 1125 quid
482 1070 615 1110 dicam
648 1070 698 1110 de
731 1070 961 1118 sententiis,
994 1082 1102 1123 quae
1133 1070 1245 1123 apud
1278 1069 1478 1111 Senecam
1513 1070 1652 1113 Chris-

177 1156 329 1196 tianam
357 1155 559 1208 originem
577 1153 751 1207 prodere
770 1152 1053 1194 videbantur?
1072 1153 1187 1193 Audi
1206 1153 1328 1194 modo
1348 1153 1653 1196 Tertullianum

176 1239 309 1293 (Apol.
351 1238 420 1290 47)
462 1237 718 1278 confidenter
758 1239 998 1290 rogantem:
1038 1235 1168 1289 „Quis
1202 1240 1263 1277 est
1294 1240 1525 1291 poetarum,
1559 1239 1654 1292 quis

177 1323 467 1376 sophistarum,
515 1322 588 1375 qui
630 1334 714 1361 non
758 1321 928 1361 omnino
973 1321 1022 1361 de
1067 1321 1363 1375 prophetarum
1397 1321 1509 1363 fonte
1541 1326 1656 1376 pota-

179 1406 314 1446 verit?
346 1405 451 1446 Inde
484 1416 651 1459 quoque
683 1388 918 1458 philosophi
950 1404 1062 1444 sitim
1096 1405 1252 1458 ingenii
1287 1406 1352 1445 sui
1371 1405 1654 1459 rigaverunt.''

239 1487 303 1529 De
335 1502 418 1542 qua
448 1488 750 1529 sententiarum
779 1487 1054 1528 similitudine
1070 1487 1100 1540 ¹)
1130 1487 1253 1528 hodie
1270 1488 1389 1528 aliter
1400 1486 1656 1542 judicamus,

180 1572 253 1614 sed
286 1585 337 1613 ne
369 1571 569 1626 quaedam
605 1571 780 1625 vestigia
811 1571 975 1624 antiqui
1003 1571 1154 1611 erroris
1177 1572 1466 1624 remanserint,
1486 1585 1655 1626 magno-

178 1668 275 1710 pere
307 1668 460 1696 vereor.
493 1654 758 1695 Schwarzius
792 1666 875 1694 non
909 1654 1024 1694 solus
1057 1656 1130 1706 est,
1165 1654 1237 1707 qui
1270 1667 1367 1694 cum
1401 1654 1655 1707 Cynicorum

179 1739 329 1793 placita
385 1751 479 1779 cum
537 1737 771 1778 Christiana
825 1736 907 1777 fide
960 1749 1189 1790 congruere
1234 1737 1405 1791 videret,
1452 1739 1655 1792 originem

181 1821 457 1863 Christianam
493 1821 814 1875 deprehendisse
847 1819 926 1861 sibi
958 1821 1075 1861 visus
1108 1822 1172 1861 sit.
1205 1820 1284 1861 Sed
1321 1823 1393 1874 qui
1422 1834 1470 1862 ea
1497 1823 1658 1864 ratione

179 1906 352 1961 profana
383 1907 535 1959 scripta
568 1904 814 1945 Christianis
847 1905 1059 1945 vindicare
1091 1908 1309 1957 conantur,
1336 1917 1466 1958 paene
1495 1917 1658 1959 semper

179 2004 312 2045 pauca
351 1990 479 2031 verba
520 1989 759 2043 neglegunt,
799 2001 906 2042 quae
937 2003 960 2029 a
992 1987 1323 2029 Christianorum
1354 1989 1555 2043 religione
1586 1990 1656 2031 ab·

181 2076 364 2128 horrent,
411 2078 451 2116 et
490 2087 513 2115 a
553 2075 728 2128 paganis
771 2074 870 2115 solis
915 2073 995 2113 dici
1026 2076 1228 2127 poterant.
1261 2073 1390 2114 Velut
1423 2073 1659 2128 Demonax,

182 2172 277 2200 cum
320 2158 506 2200 infelices
549 2158 749 2199 mortales
788 2158 1076 2198 consolaretur
1119 2157 1261 2198 dicens
1303 2155 1358 2197 ἔτι
1391 2156 1496 2206 μετὰ
1528 2158 1657 2209 μικρὸν

181 2243 313 2288 αὐτοῖς
344 2240 535 2281 παύσεται
568 2240 638 2290 μὲν
671 2239 723 2280 τὰ
754 2240 931 2287 imma,
966 2240 1059 2287 λήθη
1094 2239 1134 2280 δέ
1165 2256 1221 2286 τις
1254 2241 1408 2289 οὶγοιθῶν
1435 2239 1501 2281 xx)
1533 2243 1659 2281 κακῶν

181 2325 247 2368 καὶ
279 2324 463 2376 ἐλευθερία
495 2324 630 2374 μακρὰ
660 2322 814 2370 πάντ-κς
848 2324 884 2364 ἐν
917 2323 1031 2375 ὀλίγῳ
1065 2324 1342 2375 καταλήψεται
1377 2326 1461 2377 (18)
1496 2339 1658 2367 merum

181 2409 399 2462 Cynicum,
435 2421 519 2449 non
552 2407 836 2448 Christianum
869 2408 966 2462 agit,
1001 2408 1100 2461 quia
1132 2408 1232 2449 haec
1263 2407 1390 2449 verba
1422 2409 1605 2462 graviter
1635 2422 1658 2449 a

224 2671 256 2711 1)
281 2670 456 2709 Quantum
491 2670 613 2712 Cynica
638 2670 737 2702 verba
762 2670 934 2701 interdum
959 2679 1038 2701 cum
1061 2669 1262 2701 Christianis
1286 2669 1491 2710 conspirent,
1513 2669 1660 2702 testatur

183 2733 275 2775 Diog.
309 2733 417 2764 Laert.
456 2732 508 2763 VI.
543 2730 580 2762 G:
619 2731 839 2762 Antisthenes
872 2729 1088 2771 ὀνειδιζόμενος
1124 2728 1176 2759 {ff}
1211 2733 1254 2769 τῷ
1281 2731 1415 2767 πονηροῖς
1439 2729 1653 2769 συγγενέο-Θκι

183 2793 255 2832 ’ἐφη-
280 2793 334 2823 mc?
356 2793 387 2823 οἱ
407 2792 503 2830 lxv-pol
526 2793 612 2829 μετὰ
635 2795 694 2822 τῶν
720 2790 887 2821 νοσούντων
912 2790 996 2826 εἷο-ἰν,
1022 2790 1098 2821 ἀλλ’
1124 2789 1157 2820 οὐ
1184 2790 1395 2828 πυρέττουσιν,
1417 2800 1565 2831 quocum
1579 2800 1659 2822 con-

185 2854 265 2886 tulit
290 2854 420 2894 primus
446 2853 541 2894 Hugo
566 2852 703 2884 Grotius
730 2852 848 2884 Matth.
874 2851 929 2892 IX,
954 2850 992 2883 ‘1‘1
1019 2855 1051 2883 ot
1079 2850 1129 2882 12.
