1934 3334
892 324 945 363 85

180 462 248 502 via
294 462 394 503 haec
441 462 717 515 discrepantia
762 463 805 502 in
850 466 1040 504 nostrum
1086 464 1297 519 dialogum
1344 466 1534 520 irrepsit;
1564 467 1651 519 jam

181 558 307 598 supra
339 546 381 585 in
414 546 542 586 huius
574 546 719 599 capitis
751 547 1009 600 paragrapho
1042 548 1161 588 tertia
1194 547 1326 589 obiter
1358 548 1541 589 indicavi
1573 548 1656 589 Lu-

180 628 363 681 cianum,
407 641 505 669 cum
538 630 580 668 in
618 628 828 670 Piscatore
861 642 904 670 se
936 630 1241 684 philosophiam
1276 644 1441 685 semper
1474 632 1655 673 coluisse

179 711 343 763 diceret,
389 713 430 751 in
470 711 666 752 Vitarum
702 713 970 764 Auctionem,
1006 713 1079 766 qui
1112 713 1303 767 dialogus
1337 715 1653 755 evidentissime

179 806 277 834 cum
308 794 391 835 illis
425 794 563 835 verbis
591 794 861 848 repugnabat,
880 796 1107 836 sententias
1126 797 1366 849 inseruisse,
1387 809 1493 850 quae
1512 800 1651 850 aperte

159 872 197 917 'a
228 876 325 917 libri
357 877 527 917 consilio
561 876 850 918 abhorrebant.
888 877 1014 918 Nunc
1044 879 1147 918 mihi
1167 879 1271 919 levis
1290 879 1491 920 dubitatio
1510 881 1656 933 oritur,

174 964 321 1001 utrum
353 960 649 1001 Hermotimus
683 973 852 1014 quoque
881 961 1023 1001 eadem
1055 961 1203 1014 forma,
1232 975 1313 1015 qua
1331 963 1518 1016 primum
1539 976 1654 1003 com-

173 1045 336 1097 positus
371 1048 443 1096 est,
477 1044 528 1084 ad
559 1057 636 1084 nos
668 1044 914 1097 pervenerit,
947 1057 996 1084 an
1032 1048 1175 1098 postea
1202 1044 1416 1086 Lucianus
1445 1046 1648 1099 quasdam

171 1130 309 1181 partes
354 1127 580 1167 mutaverit
623 1130 663 1167 et
695 1127 913 1179 addiderit,
947 1140 1053 1181 quae
1089 1128 1240 1169 melius
1274 1142 1371 1169 cum
1401 1130 1573 1182 judiciis
1606 1131 1649 1170 in

171 1210 384 1252 Piscatore
426 1210 596 1264 prolatis
641 1213 930 1264 congruerent.
969 1210 1161 1252 Fortasse
1194 1212 1291 1252 huic
1325 1213 1533 1253 secundae
1566 1213 1651 1253 edi—

170 1294 274 1335 tioni
322 1293 526 1334 debemus
570 1293 696 1335 verba
738 1293 812 1343 ἐγὼ
860 1292 934 1344 γὰρ
968 1294 1045 1344 οὐχ
1077 1295 1124 1339 ὡς
1157 1295 1195 1334 οὐ
1228 1294 1510 1346 φιλοσοφητέον
1543 1295 1654 1347 φημί

171 1376 330 1430 (Herm.
376 1378 456 1429 52),
504 1391 588 1431 quo
636 1377 805 1430 accedit,
854 1380 899 1418 ut
946 1378 1290 1431 philosophorum
1347 1380 1465 1433 pravi
1513 1392 1651 1421 mores

170 1461 326 1513 (8—13
360 1464 400 1501 et
433 1461 618 1512 80—83)
652 1473 699 1501 eo
731 1461 854 1502 modo
888 1465 1123 1514 carpantur,
1158 1475 1241 1515 quo
1274 1461 1486 1504 Lucianus
1505 1466 1649 1517 postea

173 1546 215 1585 in
260 1543 461 1584 Convivio
505 1544 640 1585 facere
684 1544 862 1596 solebat,
906 1546 1005 1598 quia
1039 1549 1178 1586 tamen
1214 1549 1368 1587 certam
1405 1548 1645 1601 opinionem

170 1628 221 1669 de
267 1627 538 1669 Hermotimo
586 1628 769 1683 proferre
815 1642 898 1669 non
947 1642 1136 1683 possum,
1183 1631 1322 1683 potius
1366 1630 1417 1671 ad
1449 1631 1646 1672 Vitarum

169 1711 421 1752 Auctionem
458 1711 660 1764 transibo,
692 1711 763 1764 ubi
799 1712 1061 1753 manifestius
1094 1713 1299 1754 indicium
1336 1715 1647 1756 immutationis

171 1795 406 1849 repperisse
440 1795 543 1834 mihi
577 1795 735 1836 videor.

229 1876 340 1926 Quid
372 1879 608 1932 argumenti
644 1879 685 1918 in
721 1879 797 1919 hoc
830 1878 936 1919 libro
969 1880 1215 1919 invenitur?

228 1962 510 2016 Pythagoram
556 1962 713 2015 (1—7),
759 1961 992 2016 Diogenem
1029 1963 1213 2014 (7—12),
1246 1963 1511 2017 Aristippum
1547 1964 1647 2018 (12),

168 2046 434 2087 Heraclitum
470 2050 510 2087 et
543 2045 837 2087 Democritum
875 2047 1089 2100 (13—15),
1117 2047 1326 2088 Socratem
1359 2051 1399 2088 et
1426 2047 1642 2089 Platonem

169 2130 384 2182 (15-19),
417 2129 650 2183 Epicurum
688 2130 784 2182 (19),
818 2129 1100 2184 Chrysippum
1136 2131 1353 2183 (20-26),
1380 2134 1641 2184 postremum

168 2213 487 2267 peripateticum
525 2213 735 2266 quendam
772 2213 855 2265 (26)
889 2217 1106 2267 tamquam
1139 2215 1236 2254 vilia
1265 2215 1475 2268 mancipia
1498 2215 1642 2255 venire

166 2296 376 2336 audimus.
420 2295 511 2344 Quo
544 2296 717 2336 nomine
750 2309 846 2350 ergo
880 2297 1093 2351 dialogum
1129 2298 1371 2350 indicasses,
1403 2299 1438 2338 si
1471 2302 1528 2351 tu,
1562 2299 1643 2339 lec-

166 2382 240 2431 tor,
289 2392 393 2432 opus
442 2379 714 2432 scripsisses?
758 2378 853 2419 Non
897 2379 1053 2433 dubito,
1098 2381 1200 2434 quin
1244 2378 1465 2431 Φιλοο-όφων
1507 2384 1643 2432 πρᾶσιν

164 2462 430 2513 haberemus,
472 2463 581 2503 sicut
614 2461 875 2516 Hermippus
909 2465 1099 2504 comicus
1136 2462 1335 2512 Διογένους
1367 2464 1502 2514 πρᾶσιν
1534 2464 1642 2518 fecit,

164 2546 221 2586 ita
264 2549 310 2586 ut
351 2545 624 2598 Bernaysius,
667 2558 765 2586 cum
800 2545 850 2586 de
882 2549 1024 2587 nostro
1061 2546 1223 2600 dialogo
1258 2546 1512 2600 loqueretur,
1544 2560 1639 2588 eum

171 2629 262 2680 „die
300 2628 962 2683 Philosophen-Versteigerung''
994 2633 1104 2670 recte
1137 2631 1372 2670 nominarit.
1406 2629 1643 2672 Mercurius

163 2715 319 2765 tamen,
367 2714 530 2767 quoties
568 2713 865 2767 philosophum
902 2714 1085 2767 aliquem
1122 2713 1301 2755 vendere
1333 2713 1518 2768 fingitur,
1555 2728 1636 2755 non

162 2796 295 2850 ipsius
327 2809 494 2849 nomen,
528 2796 600 2837 sed
636 2795 769 2849 „Blov”
798 2798 1022 2850 renuntiat,
1042 2798 1095 2850 (1,
1115 2798 1152 2849 2,
1174 2797 1209 2850 7,
1230 2797 1296 2850 12,
1317 2798 1380 2850 13,
1401 2797 1465 2850 15,
1484 2798 1550 2851 20,
1569 2798 1639 2850 27)
