1934 3334
859 357 939 397 121

168 496 295 537 verba
341 499 424 537 tam
471 497 614 550 gravia
660 499 770 549 sunt,
816 500 863 537 ut
906 496 955 536 ad
999 497 1286 550 quaestionem
1329 495 1636 549 dijudicandam

160 592 332 634 prorsus
367 579 586 621 sufficiant.

225 662 329 712 Quis
360 665 471 705 enim
504 667 590 705 erat
620 664 691 704 ille
724 663 966 704 Sostratus?

221 745 479 787 Fritzschius
525 747 727 800 peculiari
773 746 1065 800 disquisitione
1112 746 1187 798 „de
1218 745 1392 786 Luciani
1427 745 1638 787 Sostrato”

163 831 445 883 conjecturam
492 830 802 871 Hemsterhusii
849 833 1018 871 secutus
1061 829 1293 870 Sostratum
1336 829 1469 882 illum,
1515 830 1637 870 cuius

162 914 282 953 initio
313 912 632 970 „Demonactis”
665 913 819 953 mentio
850 913 908 965 fit,
939 913 1117 953 eundem
1150 912 1292 964 fuisse,
1325 925 1448 966 quem
1482 925 1637 953 memo-

162 1000 256 1037 rant
296 996 576 1037 Philostratus
624 996 720 1048 (Vit.
754 996 876 1050 Soph.
911 997 1003 1049 2,1,
1025 997 1062 1047 7)
1096 999 1135 1036 et
1165 995 1397 1037 Pausanias
1430 997 1639 1049 (1‚32,4)‚

161 1081 302 1122 lucide
333 1081 523 1121 ostendit.
556 1080 683 1121 Illum
716 1080 888 1121 Boeotia
920 1080 1158 1132 oriundum,
1189 1093 1213 1120 a
1246 1080 1405 1120 colonis
1437 1080 1637 1133 Agathio-

161 1177 258 1205 nem
309 1168 517 1218 vocatum,
558 1177 602 1205 se
636 1164 759 1205 heroa
792 1163 1078 1204 Marathonem
1112 1170 1270 1218 patrem
1303 1163 1466 1216 habere,
1498 1164 1637 1217 ipsum

161 1247 422 1301 praedicasse
469 1251 650 1288 narrant.
685 1247 786 1288 Erat
817 1247 941 1287 homo
975 1251 1092 1288 vasta
1123 1247 1305 1301 corporis
1339 1246 1639 1300 magnitudine,

163 1334 249 1386 qui,
294 1345 389 1373 cum
434 1332 511 1373 sub
556 1332 650 1372 divo
694 1334 937 1386 pernoctare
969 1335 1009 1372 et
1037 1331 1160 1371 fortia
1190 1331 1375 1371 facinora
1405 1335 1640 1385 perpetrare

162 1417 325 1469 soleret,
369 1416 595 1457 Herculem
641 1417 762 1470 quasi
796 1416 1037 1469 exemplum
1071 1414 1150 1456 sibi
1182 1419 1466 1468 proposuerat.
1500 1413 1639 1455 Conti-

161 1501 348 1541 nentiam
380 1513 455 1554 pro
489 1513 655 1540 summo
689 1499 796 1539 bono
830 1503 995 1553 putans,
1027 1511 1049 1538 a
1081 1499 1180 1538 vino
1212 1498 1405 1552 religiose
1438 1510 1482 1538 se
1514 1497 1639 1538 absti-

163 1583 297 1637 nebat,
331 1596 407 1624 neo
440 1596 525 1623 non
558 1596 579 1623 a
611 1582 789 1635 feminis,
821 1595 926 1636 quas
954 1582 1055 1622 adeo
1085 1582 1237 1634 oderat,
1266 1586 1312 1621 ut
1342 1581 1640 1634 quodcumque

163 1668 397 1721 attigerant,
441 1667 565 1720 quasi
605 1665 814 1720 pollutum
848 1666 1007 1705 vitaret.
1043 1664 1147 1705 Cum
1180 1678 1203 1704 a
1235 1665 1393 1704 colonis
1426 1664 1640 1718 quondam

163 1751 344 1804 hospitio
389 1755 584 1804 acceptus
618 1749 692 1802 lac,
726 1749 838 1802 quod
870 1738 1165 1802 praebuerunt,
1197 1748 1248 1788 ad
1281 1760 1402 1788 nares
1435 1748 1642 1788 admovis-

163 1838 236 1888 set,
267 1834 306 1875 οὐ
339 1833 497 1884 καθαρὸν
529 1833 571 1873 τὸ
602 1832 727 1882 γάλα,
763 1830 1001 1884 προσβάλλει
1029 1831 1102 1884 γάρ
1130 1847 1181 1881 με
1207 1830 1294 1882 χεὶρ
1322 1831 1500 1882 γυναικός
1533 1832 1642 1872 dixit

164 1921 203 1959 et
236 1917 368 1971 gratia
402 1917 452 1957 de
484 1929 612 1957 coena
638 1916 747 1957 facta
779 1917 892 1957 abiit.

223 1999 326 2048 Quis
369 2003 442 2053 est,
486 2000 558 2053 qui
592 2000 731 2040 credat
762 1998 1009 2052 Lucianum,
1044 2000 1197 2053 quippe
1229 2001 1302 2053 qui
1334 2012 1497 2040 omnem
1532 2000 1643 2040 inso-

161 2084 331 2124 lentiam
366 2087 405 2124 et
440 2084 717 2124 rusticitatem
752 2083 992 2137 despiceret,
1025 2084 1250 2136 hominem,
1280 2084 1353 2137 qui
1371 2087 1455 2123 tam
1473 2083 1641 2137 ineptus

162 2167 413 2208 feminarum
465 2179 560 2207 osor
607 2170 726 2219 esset,
775 2167 918 2207 eodem
966 2170 1162 2220 tempore,
1205 2179 1288 2220 quo
1331 2164 1644 2220 Demonactem,

164 2250 368 2305 singulari
401 2250 605 2291 extulisse
638 2250 813 2291 libello?

227 2334 550 2386 „Assentiamur
597 2334 766 2388 igitur,⁷'
800 2335 909 2375 <licat
943 2335 1163 2388 quispiam,
1200 2334 1447 2387 „Bernaysii
1473 2334 1647 2389 judicio,

164 2418 237 2472 qui
269 2419 395 2458 vitam
432 2417 701 2459 Demonactis
735 2432 758 2458 a
787 2418 962 2459 verboso
994 2418 1173 2472 quodam
1191 2419 1356 2459 rhetore
1373 2419 1643 2472 compositam

164 2513 255 2543 esse
286 2501 444 2556 putat.'’

222 2585 279 2624 At
312 2584 499 2624 nondum
533 2597 683 2624 manus
716 2584 855 2635 trado3
876 2584 1129 2638 quibusdam
1148 2585 1315 2626 indiciis
1332 2588 1471 2627 motus
1488 2585 1644 2627 librum

163 2666 348 2707 Luciano
383 2667 595 2707 vindicare
628 2667 679 2707 ad
712 2671 949 2708 extremum
982 2672 1153 2721 paratus
1188 2681 1293 2708 sum.

225 2750 328 2799 Quis
377 2752 488 2792 enim
538 2764 623 2790 non
668 2751 806 2791 statim
852 2751 989 2803 verba,
1034 2751 1174 2804 qualia
1217 2753 1258 2791 in
1306 2752 1399 2803 §21
1435 2752 1647 2806 leguntur,

168 2833 352 2874 Luciano
386 2835 623 2888 gratissima
655 2833 785 2875 fuisse
803 2834 1025 2875 concedit?
1044 2833 1125 2875 Ubi
1145 2833 1364 2876 Demonax
1382 2848 1404 2875 a
1421 2834 1646 2890 Peregrino
