1934 3334
1019 364 1098 404 100

320 505 466 545 restria
505 503 614 545 bona
655 505 817 546 minimi
858 504 1018 546 faciunt
1058 505 1280 558 ipsamque
1312 504 1413 546 adeo
1447 508 1622 546 mortem
1656 504 1799 547 subire

322 599 405 627 non
447 591 654 641 recusant,
686 588 750 630 vel
782 589 922 642 potius
955 587 1064 628 ultro
1098 599 1188 628 sese
1221 587 1427 641 supplicio
1460 587 1642 629 tradunt.
1675 587 1800 629 Prae-

321 676 432 712 terea
477 672 639 726 primus
687 684 830 713 eorum
877 670 1141 726 „legislator”
1185 683 1230 712 se
1270 672 1450 712 invicem
1493 684 1568 726 pro
1599 671 1800 714 fratribus

320 753 472 796 habere
514 758 554 796 et
595 756 735 796 omnia
776 755 968 796 fortunae
1010 754 1119 795 bona
1150 758 1350 809 tanquam
1384 755 1623 796 communia
1655 758 1802 809 putare

314 840 453 893 jussit,
496 852 626 894 quare
667 841 719 881 iis
761 840 943 895 benigne
983 851 1159 880 munera
1199 840 1459 893 impertiunt,
1493 851 1600 893 quos
1632 841 1802 893 propter

319 922 566 977 religionem
597 927 670 965 aut
701 923 1038 978 possessionibus
1066 921 1310 964 exturbatos
1337 926 1410 963 aut
1436 927 1459 964 a
1488 921 1803 977 magistratibus

320 1007 365 1047 in
403 1020 610 1049 carcerem
653 1009 861 1062 conJectos
893 1007 1071 1049 videant.
1106 1006 1255 1048 Sacros
1288 1005 1415 1048 libros
1447 1007 1492 1047 in
1525 1006 1801 1048 concionibus

320 1089 478 1144 legunt,
511 1103 629 1145 quos,
661 1092 696 1132 si
728 1092 823 1145 quis
855 1091 948 1132 aliis
977 1093 1159 1145 praestat
1193 1089 1395 1142 doctrina,
1421 1090 1728 1143 interpretatur.
1757 1088 1804 1131 Si

323 1187 448 1229 quem
489 1175 602 1230 leges
640 1189 751 1230 suas,
783 1176 897 1217 velut
929 1175 980 1217 de
1010 1175 1218 1216 alimentis
1250 1175 1425 1229 negatis,
1456 1175 1708 1228 migrantem
1741 1173 1804 1213 vi-

323 1257 457 1312 deant,
490 1271 587 1300 eum
618 1272 642 1299 a
673 1258 862 1300 coetibus
894 1258 1130 1313 repudiant.

381 1341 533 1395 Verba,
576 1341 730 1396 quibus
772 1342 984 1383 Lucianus
1026 1342 1161 1383 utitur
1202 1342 1247 1381 in
1286 1339 1620 1382 Christianorum
1650 1339 1804 1382 ritibus

323 1424 619 1479 describendis,
652 1426 718 1467 vel
751 1439 775 1466 a
803 1425 1063 1467 {Iudaeorum
1096 1425 1213 1466 cultu
1244 1423 1310 1465 vel
1343 1437 1366 1464 a
1399 1422 1653 1465 Graecorum
1684 1423 1806 1465 insti-

323 1508 426 1549 tutis
453 1509 581 1562 petita
607 1511 716 1549 sunt.
743 1507 851 1549 Nam
882 1509 956 1562 qui
982 1507 1122 1562 aliquo
1151 1519 1324 1548 munere
1341 1506 1592 1561 funguntur,
1609 1520 1805 1556 γραμμικ-

324 1595 406 1638 τῆς,
447 1595 658 1644 προφῆται,
698 1595 929 1642 συναγωγῆς
973 1592 1039 1633 vel
1068 1590 1177 1643 ἱερῆς,
1211 1589 1438 1642 προστάται,
1471 1589 1502 1631 οἱ
1531 1589 1569 1630 ἐν
1599 1588 1700 1630 τέλει
1733 1602 1805 1630 vo-

325 1678 483 1729 cantur,
516 1678 556 1716 et
585 1675 851 1730 evangelium
884 1674 1036 1716 Christi
1071 1676 1193 1729 quasi
1225 1672 1362 1720 τελετὴ
1395 1671 1503 1720 xxm-'5
1537 1672 1803 1714 describitur.

327 1755 443 1806 Quae
478 1759 651 1799 nomina
691 1771 795 1799 num
838 1758 977 1799 omnia
1018 1757 1130 1812 apud
1160 1757 1320 1811 priscos
1355 1755 1612 1797 Christianos
1643 1756 1688 1795 in
1721 1767 1806 1796 usu

326 1840 493 1895 fuerint,
524 1841 752 1895 dijudicare
786 1854 869 1882 non
897 1841 1044 1894 audeO,
1074 1840 1147 1882 sed
1173 1839 1401 1894 praefracte
1427 1851 1533 1893 nego
1551 1837 1808 1892 Lucianum,

325 1924 423 1966 licet
465 1923 739 1966 Christianam
782 1924 1079 1979 benignitatem
1124 1936 1220 1978 erga
1262 1923 1443 1977 punitos,
1479 1921 1806 1963 immortalitatis

326 2008 452 2050 fidem
493 2013 533 2051 et
573 2010 765 2050 divinum
808 2008 961 2050 Christi
999 2008 1161 2049 cultum
1195 2007 1448 2062 cognoverit,
1479 2007 1670 2047 intimam
1703 2018 1807 2060 quo-

329 2106 410 2147 que
455 2094 669 2149 religionis
716 2094 783 2136 vel
829 2106 1045 2135 sacrorum
1092 2091 1296 2133 librorum
1344 2091 1534 2132 notitiam
1575 2089 1806 2132 ostendere.

329 2176 587 2230 Byzantinos
638 2178 768 2232 igitur
815 2181 854 2219 et
898 2177 1160 2232 posteriores,
1207 2188 1303 2216 curn
1349 2175 1393 2215 in
1437 2173 1560 2215 Veris
1605 2172 1806 2214 Historiis

330 2264 370 2302 et
414 2260 514 2302 alibi
558 2261 772 2315 parodiam
815 2261 1023 2302 occultam
1054 2260 1099 2300 in
1133 2258 1355 2312 Christum,
1387 2257 1541 2311 Mosea,
1571 2256 1806 2311 Josephum
1867 2292 1870 2294 ,

330 2343 517 2398 aliosque
559 2357 729 2386 cernere
760 2345 1041 2399 opinarentur,
1073 2342 1122 2384 ab
1156 2343 1270 2384 omni
1303 2350 1420 2396 parte
1451 2341 1655 2383 erravisse
1684 2339 1808 2382 facile

330 2426 560 2481 intellegas.

393 2508 605 2551 Contrario
651 2513 791 2552 autem
837 2511 967 2552 errori
1008 2509 1181 2550 obnoxii
1222 2511 1339 2550 erant
1379 2507 1452 2561 illi,
1484 2508 1559 2562 qui
1590 2507 1808 2548 satiricum

333 2604 430 2647 erga
461 2596 643 2634 nostram
674 2594 919 2649 religionem
950 2592 1200 2635 benevolum
1230 2592 1360 2633 fuisse
1377 2589 1703 2640 crediderunt1).
1723 2587 1811 2638 Qui

374 2802 410 2844 1)
441 2803 478 2836 A.
500 2804 644 2837 Kestner
665 2808 699 2837 et
722 2804 768 2837 La
787 2804 888 2837 Croce
912 2804 1102 2837 Lucianum
1125 2803 1244 2836 furtim
1269 2803 1482 2836 Christianae
1513 2799 1668 2844 religioni
1691 2800 1810 2834 addic-

334 2867 412 2896 tum
433 2864 536 2897 fuisse
558 2866 686 2907 opinati
709 2870 804 2898 sunt.
