1934 3334
1042 347 1067 386 4

307 499 351 528 se
398 490 532 528 totum
581 486 777 540 operibus
825 485 1002 527 Luoiani
1051 484 1183 526 dabat.
1233 466 1418 538 (Goethe.
1466 485 1558 527 Aus
1608 486 1789 528 meinem

306 570 458 623 Leben,
501 569 532 623 I,
576 571 625 609 4:
675 570 769 622 „ein
814 569 911 610 sehr
953 568 1251 610 durohlesener
1284 567 1445 609 Lucian
1475 568 1571 609 kam
1603 569 1671 610 nie
1704 581 1786 609 von

309 654 447 694 seiner
480 651 648 704 Seite.'')

362 736 478 777 Inter
511 736 695 777 Batavos
729 735 1083 777 Hemsterhusius
1111 735 1339 776 exclamat:
1378 735 1454 787 „ad
1473 738 1658 776 nostram
1678 737 1789 776 certe

305 824 480 861 aetatem
529 820 697 861 nullum
742 820 931 873 pervenit
976 820 1185 874 ingeniosi
1230 819 1412 859 hominis
1456 821 1790 871 monumentum,

305 903 418 956 quod
446 887 556 944 *oum
602 902 778 943 Luciani
823 903 1000 957 dialogis
1043 903 1175 956 possit
1221 901 1492 956 compa1·ari.”
1526 901 1705 956 (Prolog.
1739 900 1791 942 ad

307 985 413 1028 Dial.
447 986 594 1039 Mort.).

364 1071 450 1110 Alii
498 1070 575 1110 viri
619 1069 741 1122 docti,
785 1072 832 1110 ut
873 1068 1111 1109 Lucianum
1155 1068 1332 1122 eiusque
1376 1069 1595 1122 ingeniosa
1637 1069 1790 1122 scripta

304 1152 500 1207 pluribus
548 1151 777 1194 lectoribus
824 1153 1046 1206 aperirent,
1087 1151 1129 1191 id
1177 1155 1364 1205 egerunt,
1414 1154 1459 1192 ut
1507 1152 1647 1192 omnia
1696 1152 1788 1193 eius

310 1249 436 1291 opera
484 1240 760 1289 verterentur,
808 1249 989 1290 quarum
1038 1236 1280 1276 versionum
1328 1235 1448 1276 facile
1490 1237 1684 1290 princeps
1726 1239 1789 1278 est

306 1321 494 1375 putanda
525 1320 596 1361 illa
629 1320 849 1374 Germana,
878 1332 986 1374 quae
1015 1333 1037 1360 a
1065 1320 1154 1360 viro
1182 1319 1230 1360 ol.
1258 1319 1497 1360 Wielandio
1515 1319 1699 1374 profecta
1715 1323 1789 1362 est.

312 1500 349 1540 2.
390 1498 456 1542 De
496 1500 644 1541 studiis
682 1499 990 1554 philoloymm,
1024 1500 1098 1555 qai
1139 1513 1306 1555 operum
1337 1499 1637 1555 chronologiam
1669 1514 1786 1555 expo-

423 1583 589 1636 situros,
621 1582 884 1636 Lucianique
915 1583 1123 1636 inqemum
1155 1596 1197 1624 se
1226 1582 1543 1624 adumbraturos
1573 1595 1656 1624 esse

885 1666 1068 1720 professi
1093 1671 1206 1708 sunt.

362 1800 473 1840 Ante
506 1800 609 1841 alios
643 1812 799 1853 omnes,
834 1799 907 1853 qui
934 1800 978 1839 in
1007 1799 1344 1853 cognoscendum
1373 1798 1547 1839 Luciani
1569 1800 1785 1853 ingenium

302 1885 442 1925 studia
470 1885 753 1939 contulerunt,
782 1884 1067 1925 nominandus
1095 1887 1158 1925 est
1185 1883 1382 1924 Matthias
1410 1882 1679 1937 Gesnerus1),
1707 1884 1784 1937 qui

303 1981 414 2009 anno
449 1969 560 2009 1715
595 1970 888 2011 dissertatione
921 1969 971 2010 de
1003 1971 1136 2009 aetate
1169 1971 1208 2009 et
1239 1968 1455 2008 authentia
1486 1967 1785 2021 Philopatridis

300 2054 385 2093 tam
428 2056 622 2094 accurate
665 2054 807 2094 omnia
834 2040 1097 2107 'argumenta
1129 2051 1302 2092 collecta
1335 2051 1580 2104 aestimavit,
1612 2053 1659 2091 ut
1690 2052 1784 2105 post

300 2147 398 2176 eum
431 2149 555 2178 nemo
585 2136 841 2178 Luoianeam
870 2137 984 2177 illius
1012 2135 1108 2177 libri
1139 2137 1343 2190 originem
1363 2134 1582 2176 defendere
1599 2127 1781 2176 auderet.

299 2219 358 2260 At
405 2219 479 2270 μία
520 2220 685 2271 χελιδὼν
728 2219 791 2273 ἔαρ
836 2221 875 2261 οὐ
911 2225 1015 2274 ποιεῖ,
1058 2233 1133 2275 per
1168 2223 1303 2261 ‘totum
1346 2220 1536 2261 seculum
1572 2219 1780 2261 decimum

300 2309 495 2346 octavum
526 2306 644 2347 nulla
676 2306 757 2346 alia
789 2306 1095 2358 commentatio,
1130 2307 1176 2345 ut
1206 2303 1419 2344 Luoianus
1453 2304 1603 2345 melius
1620 2303 1779 2345 intelle-

297 2392 466 2442 geretur
499 2389 663 2443 scripta,
696 2389 886 2443 indagari
919 2391 1068 2442 potest,
1101 2388 1244 2441 itaque
1276 2391 1419 2428 nostro
1452 2399 1552 2428 aevo
1589 2387 1778 2428 relictum

297 2470 391 2525 fuit,
424 2474 480 2525 ut,
514 2485 597 2526 quo
630 2473 789 2513 honore
816 2471 1032 2513 Luoianus
1058 2472 1103 2512 in
1134 2470 1387 2512 Graecorum
1406 2471 1654 2524 scriptorum
1674 2471 1781 2512 serie

298 2553 453 2608 dignus
483 2558 603 2608 esset,
630 2556 745 2608 justa
779 2555 978 2609 suffragia
1009 2554 1232 2595 ferrentur.

357 2636 675 2686 Quodammodo
739 2652 835 2680 oum
895 2638 1238 2692 praecedentium
1303 2636 1542 2678 seculorum
1598 2635 1774 2677 Luciani

343 2839 378 2882 1)
405 2841 471 2873 Cfr.
494 2842 593 2873 index
618 2842 783 2874 librorum
807 2842 842 2874 in
868 2841 935 2874 fine
958 2842 1035 2874 diss.
