1934 3334
1010 343 1063 383 14

292 484 404 526 obiit.
435 484 558 525 Unde
589 482 887 525 Demonactem
915 484 1091 537 eiusque
1119 483 1337 537 aequalem
1363 482 1598 524 Lucianum
1629 483 1767 524 medio

291 569 377 610 fere
409 568 574 609 saeculo
606 567 790 608 secundo
823 566 1017 608 floruisse
1049 570 1171 621 patet.

351 651 543 692 Secundo
591 650 682 691 loco
731 650 905 691 Photius
953 650 1195 691 Patriarcha
1242 650 1517 703 (Bibliotheca
1548 651 1636 691 cod.
1670 651 1768 702 128)

292 734 568 790 proferendus
615 737 689 788 est,
735 735 858 776 cuius
900 734 1109 787 judicium
1155 734 1205 775 de
1250 733 1425 775 Luciani
1470 746 1622 788 genere
1669 734 1770 776 scri-

293 818 419 860 bendi
467 843 520 847 —
568 831 664 858 nam
707 818 758 859 de
800 821 998 872 tempore,
1044 830 1127 872 quo
1170 817 1239 858 ille
1280 818 1402 871 vixit,
1446 820 1556 858 tacet
1598 842 1651 846 —
1685 820 1766 858 tam

291 889 446 943 fucatis
493 904 532 942 et
579 900 769 942 obscuris
817 901 957 942 verbis
990 904 1052 942 est
1083 904 1343 954 conceptum,
1377 904 1424 941 ut
1458 899 1579 941 nobis
1612 899 1770 954 Oedipo

296 985 478 1038 quodam
526 997 631 1038 opus
679 985 744 1037 sit,
792 985 840 1037 si,
883 984 985 1038 quid
1026 983 1163 1024 bonus
1194 983 1437 1024 Patriarcha
1469 982 1549 1024 sibi
1579 982 1774 1036 voluerit,

294 1069 558 1122 interpretari
596 1081 809 1109 conemur.

354 1151 612 1205 Supersedeo
654 1151 783 1205 igitur
825 1151 966 1191 omnia
1007 1150 1108 1191 haec
1152 1149 1278 1191 verba
1308 1150 1502 1204 religiose
1536 1148 1773 1191 exscribere

294 1235 382 1286 (cfr.
428 1234 672 1276 Dindorfius
714 1235 759 1274 in
801 1233 910 1274 Prol.
952 1233 1050 1274 Luc.
1091 1247 1129 1288 p.
1175 1235 1228 1287 5),
1270 1233 1342 1274 sed
1375 1233 1479 1274 duas
1511 1236 1674 1274 tantum
1707 1245 1773 1274 res

295 1320 510 1374 attingam,
543 1332 650 1373 quae
682 1318 881 1359 Photium
913 1331 1014 1358 sano
1049 1330 1177 1359 sensu
1211 1330 1295 1358 non
1328 1317 1512 1358 caruisse
1530 1317 1771 1359 ostendunt.

297 1403 423 1445 Putat
470 1407 510 1445 et
553 1406 664 1445 recte
711 1405 832 1457 putat
877 1401 1115 1442 Lucianum
1161 1414 1296 1442 unum
1343 1413 1398 1460 ex
1443 1401 1495 1442 iis
1525 1400 1669 1454 fuisse,
1702 1401 1777 1454 qui

299 1486 418 1537 μηδὲν
465 1485 558 1532 ὅλως
604 1484 865 1538 πρεσβεύουσι,
911 1486 1034 1526 cuius
1073 1484 1224 1538 judicii
1265 1485 1428 1525 utinam
1470 1485 1604 1524 nostri
1645 1483 1776 1525 seculi

298 1571 500 1625 philologi
526 1582 728 1612 memores
754 1569 945 1619 fuissent,
974 1569 1047 1622 qui
1073 1568 1307 1609 Lucianum
1332 1568 1399 1608 vel
1415 1567 1693 1621 Platonicum,
1709 1567 1778 1609 vel

301 1653 517 1707 Cynicum,
553 1653 621 1694 vel
653 1652 902 1707 Scepticum,
933 1652 999 1693 vel
1030 1651 1285 1705 Epicureum
1318 1650 1450 1692 fuisse
1486 1650 1777 1704 opinabantur.

359 1737 480 1787 Quod
522 1737 671 1778 deinde
704 1737 754 1777 de
787 1748 962 1777 numero
995 1735 1174 1776 oratorio
1208 1734 1321 1789 apud
1351 1733 1588 1775 Lucianum
1619 1734 1778 1788 perspi-

301 1835 379 1863 cuo
434 1821 554 1874 dixit,
611 1819 772 1860 Kockio
821 1818 1065 1860 dissuadere
1112 1817 1299 1870 debebat,
1346 1829 1399 1858 ne
1446 1820 1562 1857 tanta
1607 1816 1781 1857 audacia

300 1906 432 1960 poetis
476 1904 644 1945 comicis
674 1903 908 1957 fragmenta
941 1914 963 1943 e
995 1905 1138 1942 nostro
1172 1901 1337 1942 satirico
1369 1901 1498 1954 petita
1529 1899 1780 1940 obtrudcrct.

300 1990 478 2031 Photius
520 1989 632 2030 enim
678 1988 728 2028 de
769 1986 946 2028 Luciani
987 1999 1110 2040 prosa
1152 1986 1339 2026 oratione
1370 1984 1582 2038 loquitur:
1615 1981 1778 2030 συνθήκη

302 2089 345 2114 τε
386 2072 489 2123 αὐτῷ
531 2069 646 2117 οὕτως
687 2067 887 2124 ἥρμοσται,
931 2067 1027 2110 ὥστε
1071 2068 1192 2110 δοκεῖν
1236 2068 1298 2109 τὸν
1341 2065 1683 2117 ἀναγιγνώσκοντα
1725 2064 1780 2115 μὴ

303 2159 438 2208 λόγους
479 2155 604 2206 λέγειν
642 2154 751 2196 ἄλλοι
782 2153 899 2205 μέλος
934 2169 969 2194 τι
1001 2153 1154 2205 τερπνὸν
1186 2150 1305 2204 χωρὶς
1337 2151 1538 2202 ἐμφανοῦς
1572 2148 1668 2201 ᾠδῆς
1699 2152 1779 2194 τοῖς

303 2240 390 2281 ὠσὶν
424 2237 699 2290 ε’νοιποστοὶζειν
734 2240 807 2278 τῶν
842 2236 1048 2289 ἀκροοὶτῶν.

363 2323 460 2364 Huc
475 2326 684 2377 postremo
702 2322 860 2362 accedit
877 2321 1165 2362 testimonium
1183 2318 1357 2360 Suidae:
1373 2317 1579 2362 Λουκιανὸς
1592 2322 1783 2366 Σοιμοσοι-

308 2408 394 2454 τεὺς
436 2406 453 2447 ὃ
497 2405 710 2453 ἐπικληθεὶς
743 2404 990 2457 βλάσφημος
1020 2403 1040 2451 ἣ
1071 2402 1291 2454 δύσφημος,
1325 2399 1385 2442 ὅτι
1416 2401 1453 2441 ἐν
1484 2404 1564 2446 τοῖς
1596 2398 1787 2449 διαλόγοις

310 2491 429 2531 αὐτοῦ
460 2494 593 2540 γελοῖοι
625 2485 716 2529 εἷνοιι
751 2488 815 2530 noa>
851 2487 904 2529 τοὶ
935 2487 1018 2539 περὶ
1051 2488 1123 2527 τῶν
1156 2485 1258 2526 θείων
1289 2482 1465 2535 εἰρημένοι
1497 2482 1725 2523 ὑποτίθεται.

368 2573 502 2624 γέγονε
548 2573 588 2613 δὲ
635 2571 699 2613 ἐπὶ
741 2575 808 2613 τοῦ
851 2571 1037 2622 Καίσαρος
1080 2570 1270 2622 Τροιιοονοῦ
1314 2566 1380 2609 καὶ
1424 2566 1614 2608 ἐπέκεινα,
1661 2561 1704 2613 ἦν
1746 2563 1786 2606 δὲ

312 2652 416 2703 οὗτος
448 2656 490 2697 τὸ
524 2654 609 2707 πρὶν
638 2654 830 2707 δικηγόρος
855 2655 893 2695 ἐν
919 2652 1142 2705 Ἀντιοχείᾳ
1172 2657 1239 2699 τῆς
1268 2650 1420 2705 Συρίοις,
1448 2649 1728 2701 δυσπραγήσοις
1745 2646 1778 2689 δ’

313 2742 351 2783 ἐν
382 2739 500 2792 τούτῳ
532 2738 596 2780 ἐπὶ
630 2739 671 2780 τὸ
702 2741 959 2790 λογογραφεῖν
990 2735 1174 2789 ἐτράπετο
1192 2733 1259 2776 uxi
1278 2734 1498 2786 γέγραπται
1517 2733 1619 2784 αὐτῷ
1635 2730 1784 2784 ἄπειροι.

369 2827 596 2870 τελευτῆσαι
628 2822 668 2863 δὲ
700 2822 815 2863 αὐτὸν
846 2821 959 2871 λογὸς
992 2820 1062 2861 ὑπὸ
1095 2821 1225 2865 κυνῶν,
1257 2816 1340 2859 ἐπεὶ
1373 2817 1480 2858 κριτοὶ
1510 2820 1580 2863 τῆς
1603 2814 1786 2863 ἀληθείας
