1934 3334
652 1033 933 1082 CAPUT
994 1034 1483 1084 SECUNDUM.

712 1405 777 1438 DE
812 1405 1059 1440 OPERIBUS
1094 1407 1414 1441 RHETORIOIS.

360 1539 395 1578 1.
429 1537 494 1579 De
524 1539 673 1580 studiis
702 1539 926 1594 rhetoricis,
959 1554 1063 1595 qncw
1096 1541 1404 1583 Antoninorum
1436 1555 1531 1584 aevo
1561 1541 1775 1593 florebant.

383 1671 478 1712 Jam
520 1675 616 1713 ante
649 1673 958 1728 quinquaginta
990 1688 1122 1715 annos
1155 1688 1192 1715 V.
1228 1675 1263 1716 d.
1297 1674 1481 1716 Meesius
1514 1675 1806 1717 dissertatione

325 1755 598 1810 Ultrajectina
629 1757 677 1798 de
707 1757 888 1798 Luciam
913 1759 1061 1799 studiis
1087 1762 1124 1799 et
1151 1760 1314 1813 scriptis
1333 1759 1586 1812 juvenilibus
1613 1760 1800 1800 omnium

323 1840 486 1894 primus
534 1844 689 1882 rectam
738 1841 789 1882 ad
835 1841 1011 1882 Luciani
1052 1843 1270 1896 ingenium
1314 1843 1653 1897 cognoscendum
1693 1843 1804 1884 viam

323 1925 515 1964 munivit.
565 1923 731 1979 Optimo
779 1926 891 1966 enim
935 1927 1041 1979 jure,
1083 1930 1173 1967 tum
1218 1927 1386 1968 demum
1431 1928 1481 1970 de
1523 1928 1802 1981 posteriorum

322 2007 581 2062 dialogorum
631 2009 805 2050 consilio
842 2011 1007 2063 justum
1049 2010 1139 2052 fieri
1181 2024 1303 2065 posse
1341 2011 1551 2064 judicium
1584 2011 1806 2064 intellexit,

322 2105 417 2132 cum
452 2105 559 2147 quae
589 2092 804 2134 Lucianus
838 2094 1049 2135 rhetorum
1071 2095 1263 2136 aemulus
1282 2096 1543 2150 praestiterit,
1561 2095 1804 2150 expeditum

323 2178 442 2216 esset.
475 2175 704 2230 Postquam
738 2178 868 2232 igitur
901 2179 1042 2219 omnia
1074 2179 1279 2220 rhetorica
1307 2192 1431 2233 opera
1459 2179 1624 2233 collegit
1641 2191 1806 2220 eorum-

324 2272 405 2312 que
451 2264 698 2314 argumenta
745 2262 982 2316 explicavit,
1018 2263 1125 2303 hanc
1168 2276 1333 2304 omnem
1379 2264 1595 2304 materiem
1626 2264 1684 2304 ita
1716 2274 1801 2303 uno
1858 2306 1861 2308 ,

323 2347 548 2397 conspectu
597 2344 844 2398 complexus
885 2349 958 2398 est,
1001 2349 1048 2386 ut
1089 2345 1209 2387 facile
1241 2348 1397 2401 percipi
1427 2350 1578 2401 posset,
1614 2346 1716 2401 quid
1749 2346 1799 2387 de

320 2425 497 2467 Luciani
525 2428 695 2480 juvenis
728 2429 880 2470 studiis
907 2429 1185 2482 judicandum
1218 2434 1337 2472 esset.

379 2510 604 2565 Intellegis,
645 2511 786 2565 lector,
824 2516 1082 2567 quantopere
1115 2514 1340 2556 dolendum
1373 2516 1438 2568 sit,
1470 2515 1583 2569 quod
1616 2514 1800 2556 Meesius

319 2592 416 2634 licet
447 2595 695 2648 promiserit,
727 2595 865 2636 nullas
897 2600 1040 2649 postea
1072 2598 1121 2638 de
1153 2597 1330 2639 Luciani
1349 2598 1522 2653 dialogis
1539 2598 1797 2640 lucubratio-

318 2688 393 2717 nes
425 2677 469 2717 in
501 2677 655 2732 vulgus
687 2678 873 2719 ediderit.
905 2678 1111 2734 Philologi
1138 2682 1261 2734 enim,
1291 2683 1364 2735 qui
1391 2686 1533 2736 postea
1551 2685 1792 2724 controver-

317 2753 400 2800 sias
433 2760 483 2801 de
515 2761 782 2816 chronologia
813 2762 947 2817 deque
977 2764 1151 2805 consilio
1170 2765 1363 2807 dirimere
1380 2765 1647 2820 studuerunt,
1665 2767 1793 2808 variis

315 2842 422 2897 lapsi
465 2847 565 2885 sunt
596 2845 818 2896 erroribus,
863 2847 918 2887 ita
952 2850 999 2887 ut
1032 2847 1082 2888 de
1115 2847 1287 2889 Luciani
1322 2862 1495 2903 operum
1527 2849 1789 2905 temporibus
