1934 3334
865 333 916 372 77

149 475 297 514 cautus
339 472 485 526 judex,
533 485 629 513 cum
676 473 720 512 in
759 472 934 514 001131110
968 473 1216 527 exponendo
1252 473 1302 513 ad
1335 474 1486 515 incitas
1519 477 1629 516 esset

148 556 352 609 redactus,
385 556 644 597 authentiam
679 555 937 609 aliquamdiu
971 557 1015 596 in
1048 556 1225 598 dubium
1259 558 1439 599 vocavit.

205 638 406 694 Hirschig
464 642 607 680 noster
661 639 703 679 in
765 639 1058 680 dissertatione
1111 639 1186 691 „de
1235 639 1454 681 Parasito’'
1502 653 1542 694 p.
1593 641 1630 694 3,

150 721 336 775 scripsit:
373 721 610 775 „quodnam
638 722 902 775 propositum
929 721 1121 762 habuerit
1139 724 1285 762 auctor
1306 722 1489 775 omnino,
1509 723 1631 776 quid-

150 817 247 845 nam
292 805 507 858 speciatim
549 804 728 858 singulis
762 804 954 857 voluerit,
990 803 1286 845 difficillimum
1321 809 1383 845 est
1416 804 1630 859 definire,⁷'

151 888 320 942 addens,
371 888 474 941 „hoc
519 887 695 929 fortasse
742 890 925 928 statuere
970 888 1212 941 poterimus,
1260 891 1472 928 auctorem
1515 888 1630 929 hunc

150 971 339 1012 libellum
387 973 603 1026 scripsisse
646 984 693 1012 eo
736 972 923 1024 consilio,
956 974 1002 1012 ut
1035 971 1277 1025 exploderet
1308 971 1503 1025 aequales
1534 972 1631 1013 Pla-

151 1057 290 1096 tonem
336 1056 547 1096 imitantes
595 1055 779 1096 adhibito
829 1055 980 1109 dialogi
1027 1055 1234 1096 Platonici
1281 1055 1464 1096 tenore.'⁷
1514 1054 1630 1104 Quae

151 1139 290 1193 opinio
338 1139 374 1180 si
414 1151 513 1179 vera
547 1142 666 1192 esset,
699 1138 916 1179 Parasitus
949 1151 1045 1179 cum
1078 1137 1324 1192 Lexiphane
1356 1138 1488 1192 (quod
1522 1151 1628 1192 opus

150 1224 293 1275 postea
337 1221 536 1273 tractabo)
585 1222 815 1275 comparari
862 1224 1014 1276 posset,
1063 1221 1136 1261 ubi
1177 1220 1390 1262 Lucianus
1432 1222 1628 1275 aequales

149 1305 336 1346 rhetores
368 1305 419 1346 ob
451 1305 678 1346 ridiculum
708 1306 940 1359 priscorum
970 1304 1194 1346 verborum
1225 1318 1349 1345 usum
1378 1309 1630 1359 exaggerata

150 1389 381 1430 imitatione
414 1389 670 1443 perstrinxit.
704 1388 785 1430 Sed
819 1389 895 1429 hoc
922 1401 1050 1443 grave
1078 1389 1303 1429 discrimen
1332 1389 1441 1430 inter
1468 1392 1631 1430 utrum-

152 1485 234 1527 que
264 1486 370 1527 opus
400 1473 598 1526 cernitur,
633 1473 746 1526 quod
777 1471 1034 1526 Lexiphanis
1069 1472 1295 1513 consilium
1330 1473 1510 1526 quisque
1537 1485 1633 1526 per-

151 1557 284 1611 spicit,
324 1557 367 1597 in
409 1555 597 1597 Parasito
643 1569 739 1597 vero
783 1556 957 1597 eandem
1005 1556 1268 1610 parodiacam
1305 1559 1499 1596 naturam
1532 1555 1631 1596 Hir-

152 1640 338 1694 schigius
371 1640 588 1681 ostendere
620 1652 705 1680 non
738 1640 885 1693 potuit.
918 1638 1025 1679 Nam
1059 1639 1266 1679 occultam
1298 1638 1412 1679 illam
1446 1639 1630 1692 satiram,

152 1737 277 1778 quam
325 1724 492 1777 saepius
539 1723 769 1777 repudiavi,
806 1723 874 1763 hic
906 1736 990 1763 non
1023 1724 1156 1776 magis
1191 1723 1375 1763 inveniri
1406 1735 1480 1776 pro
1516 1725 1629 1763 certo

152 1810 300 1848 statuo.
332 1806 584 1847 Imitationis
618 1819 715 1847 vero
748 1807 1004 1846 comicorum
1036 1818 1206 1858 memor,
1235 1806 1375 1846 statim
1404 1806 1628 1846 consilium

152 1902 290 1944 neque
320 1890 363 1931 id
396 1891 553 1931 serium
585 1890 833 1944 perspicias,
869 1890 1049 1943 parasito
1082 1889 1134 1940 τῷ
1171 1887 1484 1940 κεκωμῳδημένῳ
1515 1888 1630 1939 γένει,

153 1978 200 2015 ut
235 1974 428 2016 Alexidis
471 1973 610 2015 verbis
645 1977 748 2026 utar,
780 1972 994 2014 Lucianus
1026 1974 1141 2013 varia
1165 1973 1325 2026 judicia
1360 1972 1471 2026 apud
1503 1972 1633 2012 comi-

154 2071 223 2100 cos
256 2058 306 2100 de
336 2058 594 2112 philosophis
627 2061 666 2099 et
693 2057 933 2099 rhetoribus
950 2059 1122 2098 inventa
1139 2057 1294 2098 tribuit.
1316 2049 1525 2111 Epicurus
1543 2057 1632 2107 (11)

154 2145 375 2183 accusatur
406 2155 428 2182 a
459 2142 663 2196 parasito,
696 2141 941 2194 Aeschines,
973 2141 1227 2194 Aristippus,
1259 2140 1377 2181 Plato
1396 2140 1491 2191 (31),
1510 2140 1634 2194 quasi

152 2227 234 2281 ipsi
264 2227 432 2280 parasiti
464 2225 560 2266 facti
592 2228 742 2278 essent,
770 2225 1075 2265 inconstantiae
1103 2225 1331 2278 culpantur
1360 2227 1399 2265 et
1421 2223 1633 2278 Diogenes

154 2312 193 2351 et
237 2309 426 2351 Socrates
466 2312 682 2363 tamquam
725 2309 770 2348 in
815 2308 924 2349 bello
956 2309 1099 2362 ignavi
1132 2308 1286 2349 milites
1317 2308 1634 2362 reprehendun-

153 2398 222 2435 tur
260 2395 356 2446 (43).
398 2392 514 2442 Quae
547 2394 748 2446 convicia,
780 2394 881 2433 satis
915 2392 1076 2446 frigida,
1113 2405 1133 2433 e
1167 2392 1380 2433 comoedia
1415 2393 1524 2433 sumi
1559 2405 1634 2446 po-

154 2478 285 2518 tuisse
312 2489 433 2518 nemo
460 2476 639 2531 negabit,
662 2477 736 2529 qui
754 2475 805 2516 ab
823 2476 1104 2530 Aristophane
1124 2488 1259 2529 usque
1277 2476 1328 2516 ad
1346 2475 1629 2516 Menandrum

148 2562 266 2615 Jocos
296 2561 339 2601 in
372 2560 532 2602 nobiles
565 2560 834 2614 philosophos
864 2572 1027 2614 semper
1055 2561 1227 2600 comicis
1256 2561 1389 2613 poetis
1408 2560 1452 2599 in
1471 2560 1632 2601 deliciis

154 2643 286 2685 fuisse
317 2656 459 2685 secum
488 2644 754 2697 reputaverit.
789 2641 905 2691 Quae
938 2643 1087 2683 deinde
1119 2642 1168 2682 de
1199 2641 1381 2683 Isocrate
1409 2646 1450 2683 et
1476 2641 1634 2683 Demo-

156 2728 301 2769 sthene
330 2728 414 2780 (42)
442 2727 623 2781 maligne
648 2730 885 2779 narrantur,
912 2738 966 2767 ex
992 2726 1138 2767 eodem
1163 2725 1277 2766 fonte
1303 2724 1480 2766 fluxisse
1496 2729 1621 2779 puto3

155 2811 346 2865 suspicor
378 2811 490 2852 enim
521 2808 754 2850 Lucianum
787 2809 831 2849 in
864 2821 912 2850 ea
939 2821 983 2850 re
1007 2808 1233 2850 Timoclem
1252 2809 1460 2850 comicum
1482 2808 1633 2850 ducem
