1934 3334
866 347 947 387 103

229 486 363 527 Aliud
393 487 542 527 vitium
574 486 885 527 Antoninorum
903 487 1044 528 seculo
1063 487 1339 541 divulgatum,
1359 488 1540 528 nimium
1561 487 1651 527 dico

171 569 452 611 obsoletarum
470 570 730 610 locutionum
750 570 949 623 studium,
966 571 1010 610 in
1026 571 1156 612 risum
1170 572 1346 624 vocavit,
1361 584 1457 612 cum
1474 572 1516 611 in
1529 570 1650 612 Lexi-

166 652 305 705 phane
332 654 513 694 convivii
541 653 861 707 descriptionem
890 657 1016 694 totam
1035 667 1056 695 e
1073 655 1219 708 priscis
1236 655 1375 696 verbis
1401 655 1650 696 construxit.

228 737 276 777 In
325 736 548 777 Rhetorum
594 736 857 790 Praeceptore
903 737 1095 791 denique,
1143 739 1283 778 omnia
1329 742 1509 792 peccata,
1544 751 1650 792 quae

167 820 449 873 sophistarum
477 819 616 860 studia
642 819 873 860 deformare
900 820 1100 873 solebant,
1127 822 1371 875 complexus
1398 823 1645 876 magistrum

169 902 392 956 quemdam
425 905 551 943 totam
584 902 830 942 rhetoricam
865 902 1126 956 disciplinam
1155 916 1263 944 novo
1293 904 1500 958 discipulo
1519 917 1647 958 expo-

168 989 336 1027 nentem
366 970 496 1040 fingit.

226 1070 283 1110 At
330 1069 549 1123 paululum
592 1069 660 1109 hic
692 1067 986 1122 subsistamus,
1018 1072 1076 1122 ut,
1110 1083 1192 1123 quo
1225 1073 1411 1124 tempore
1444 1070 1513 1111 ille
1543 1069 1650 1111 liber

168 1153 348 1207 scriptus
385 1154 450 1205 sit,
491 1165 564 1206 pro
607 1155 717 1193 certo
757 1155 938 1193 statuere
970 1165 1180 1193 conemur.
1211 1153 1356 1194 Statim
1389 1157 1484 1207 post
1514 1154 1648 1194 rheto-

170 1237 297 1276 ricam
330 1239 458 1276 artem
493 1248 516 1275 a
546 1234 731 1275 Luciano
765 1235 968 1276 desertam
1000 1236 1024 1275 i.
1044 1248 1075 1276 e.
1109 1236 1217 1276 circa
1245 1249 1403 1276 annum
1434 1236 1515 1275 165
1543 1249 1649 1290 opus

170 1320 447 1373 compositum
481 1330 571 1359 esse
604 1318 782 1359 efficitur
814 1330 835 1358 e
867 1317 1020 1371 Verbis,
1052 1317 1125 1358 ubi
1157 1319 1207 1359 de
1239 1331 1282 1359 se
1314 1319 1405 1372 ipso
1434 1319 1645 1372 loquitur:

172 1403 259 1456 (26)
304 1403 378 1453 ἐγὼ
422 1401 461 1442 δὲ
502 1401 705 1451 παύσομαι
747 1406 793 1453 τῇ
835 1403 1000 1453 ῥητορικῇ
1034 1400 1287 1452 ἐπιπολάζων,
1320 1404 1472 1450 μᾶλλον
1505 1401 1544 1442 δὲ
1576 1400 1645 1448 ἤδη

169 1486 390 1537 πέπαυμαι.
441 1486 557 1536 Quae
604 1487 743 1540 opinio
791 1499 838 1527 eo
885 1486 1069 1539 fulcitur,
1117 1487 1229 1540 quod
1274 1486 1371 1526 libri
1402 1487 1646 1540 compositio

169 1583 265 1612 cum
307 1570 340 1611 F
345 1571 599 1625 ugitivorum
641 1571 882 1611 oeconomia
924 1570 1200 1624 comparanda
1231 1570 1332 1610 mihi
1364 1569 1543 1623 videtur,
1573 1569 1647 1610 ubi

168 1657 305 1710 priore
352 1655 504 1709 dialogi
547 1658 664 1708 parte
711 1666 855 1694 omnes
903 1654 1074 1706 cynicos
1120 1653 1304 1707 lacerari,
1351 1653 1395 1692 in
1441 1652 1524 1694 fine
1563 1656 1647 1694 tres

169 1738 365 1793 aequales
398 1735 519 1792 quasi
550 1750 692 1779 servos
725 1737 977 1791 deprehendi
1008 1737 1204 1777 vidimus.
1236 1736 1286 1776 In
1316 1740 1460 1777 nostro
1492 1735 1645 1777 Rheto-

168 1835 264 1862 rum
295 1821 567 1875 Praeceptore
601 1833 735 1874 usque
763 1820 814 1861 ad
842 1820 946 1861 duas
974 1820 1143 1860 ultimas
1160 1819 1440 1874 paragraphos
1457 1820 1646 1860 omnium

170 1905 452 1959 sophistarum
485 1904 705 1958 disciplina
737 1903 971 1954 deridetur3
1004 1904 1048 1942 in
1074 1903 1158 1943 fine
1191 1904 1340 1944 satirae
1368 1903 1538 1956 quidam
1566 1902 1647 1944 Lu-

170 1989 279 2028 ciani
309 1988 506 2028 inimicus
540 1990 679 2041 aperte
711 1990 750 2027 et
780 1986 1055 2027 inclementer
1087 1985 1340 2039 objurgatur.
1370 1984 1477 2034 Quia
1503 1988 1644 2027 autem

170 2072 251 2114 sub
282 2071 354 2113 illo
386 2072 559 2111 inimico
590 2070 734 2111 Julius
765 2069 934 2122 Pollux,
968 2070 1041 2123 qui
1074 2068 1308 2110 Commodo
1339 2073 1540 2123 regnante
1571 2069 1645 2110 flo-

169 2156 266 2208 ruit,
306 2155 408 2195 viris
449 2154 581 2194 doctis
600 2152 628 2206 1)
661 2153 786 2194 latere
818 2153 994 2205 videtur,
1025 2156 1165 2193 noster
1196 2152 1302 2192 liber
1333 2152 1384 2192 ad
1415 2153 1647 2205 posteriora

170 2241 360 2291 tempora
399 2237 538 2278 referri
583 2236 697 2277 solet.
739 2236 939 2276 Attamen
984 2248 1066 2288 quo
1109 2237 1357 2289 argumento
1394 2235 1545 2274 nititur
1575 2234 1647 2275 illa

170 2322 421 2375 conjectura,
447 2321 532 2373 jam
554 2333 577 2360 a
594 2319 842 2372 Byzantinis
862 2319 891 2372 2)
911 2322 1254 2372 commemorata,
1273 2318 1322 2359 de
1338 2318 1364 2358 J
1370 2318 1452 2358 ulio
1470 2317 1642 2359 Polluce

212 2475 247 2518 ’1)
274 2475 340 2508 Csr.
364 2475 491 2513 Rohde,
515 2475 647 2507 Griech.
673 2475 815 2514 Roman,
841 2484 872 2515 p.
896 2472 971 2505 317.

302 2561 320 2579 „
362 2536 520 2576 Richard,
546 2536 653 2567 Ueber
676 2535 728 2566 die
751 2534 980 2566 Lucinusdial.
1004 2533 1158 2571 Luciam,
1182 2544 1215 2574 p.
1237 2532 1267 2565 3.

214 2597 248 2635 2)
274 2597 383 2629 Schol.
417 2597 458 2628 ad
492 2597 544 2628 tit.
579 2596 671 2628 libri:
714 2595 820 2635 φασιν,
855 2594 896 2630 εἷς
930 2593 1114 2630 Πολυδεύκη
1146 2595 1198 2624 τὸν
1229 2594 1461 2633 ὄνοματολόγον
1484 2593 1629 2625 οἱποτεινο

171 2669 258 2697 μενον
295 2659 464 2688 Λουκικνὸν
497 2659 607 2687 τοῦτον
643 2656 765 2695 γράψαι
804 2656 856 2686 τὸν
891 2657 987 2694 λόγον
1024 2654 1079 2685 καὶ
1109 2654 1183 2690 ’ἴσως
1217 2653 1270 2684 οὐκ
1304 2654 1371 2684 ἀπὸ
1396 2655 1514 2684 σκοποῦ
1539 2655 1646 2684 ταῦτα

169 2717 294 2756 ε’ίρητοιι,
321 2716 389 2748 ἐπεῖ
411 2717 463 2748 καὶ
488 2717 652 2755 συγχρόνω
677 2715 774 2755 ἄμφω
799 2714 848 2746 ἐπὶ
876 2716 999 2753 Μάρκου
1024 2717 1080 2746 τοῦ
1107 2713 1344 2753 Αὐτοκράτορος.

214 2779 264 2810 Ad
302 2778 371 2820 §24
406 2779 501 2816 alius,
536 2781 574 2809 ut
610 2777 694 2808 mihi
733 2777 879 2817 videtur,
914 2776 1090 2808 scholiasta
1115 2776 1244 2807 scribit:
1272 2773 1406 2806 ἐντεῦθεν
1430 2774 1641 2813 Ξνκντίρρητον

173 2838 230 2876 ’ήδη
255 2839 293 2875 ὡς
318 2837 503 2875 Πολυδεύκη
527 2837 659 2875 διασύρει
683 2837 699 2868 ὁ
724 2840 823 2875 παρὼν
848 2841 955 2876 λόγος.
