1934 3334
860 346 912 385 61

294 587 334 627 4.
368 583 431 626 De
459 584 633 639 Niyrz'ni
662 583 890 637 authentia,
923 581 1102 635 consilio,
1133 581 1289 633 duplici
1319 582 1483 634 oriyz'ne.

205 709 331 750 Nunc
370 710 421 750 ad
461 709 691 763 Niyriozum
732 709 966 759 veniamus,
1010 707 1054 746 in
1086 719 1169 760 quo
1203 706 1379 760 dialogo,
1412 719 1509 747 cum
1541 708 1627 746 tota

148 805 241 834 mea
285 793 507 834 satirarum
554 791 822 844 chronologia
864 789 1054 831 subverti
1095 789 1322 842 videretur,
1365 792 1624 843 postremum

148 877 252 917 mihi
281 888 391 916 nova
423 887 470 915 ac
501 874 611 915 clara
642 874 720 914 lux
752 877 840 914 orta
873 876 946 913 est.

208 958 318 1007 Quid
348 959 461 999 euim
481 956 612 998 ‘nobis
645 960 707 997 est
739 955 1009 997 statuendum
1041 955 1091 995 de
1123 953 1366 1008 „Nigrino”,
1386 953 1626 995 ubiLucia-

147 1055 229 1083 nus
260 1043 303 1082 in
336 1041 489 1095 dialogi
520 1041 638 1080 initio
665 1042 884 1093 praecepta
911 1037 1078 1092 Nigrini
1107 1039 1175 1078 sui
1201 1037 1409 1078 Platonici
1437 1039 1626 1092 magistri

146 1129 231 1167 tam
258 1125 451 1179 religiose
477 1124 707 1164 admiratur
734 1126 775 1164 et
801 1122 957 1174 laudat,
985 1126 1032 1162 ut
1060 1121 1350 1162 vehementem
1374 1121 1626 1162 Academiae

145 1208 351 1249 fautorem
384 1207 683 1248 declamantem
716 1205 862 1246 audire
895 1208 935 1245 te
968 1207 1103 1258 putes.
1136 1203 1363 1258 Intellegis,
1383 1203 1523 1256 lector,
1541 1216 1625 1257 eos,

147 1293 221 1346 qui
247 1290 480 1332 Lucianum
509 1289 795 1344 philosophiae
822 1289 1060 1330 studiosum
1088 1292 1128 1329 et
1145 1289 1212 1342 pio
1231 1289 1370 1328 animo
1387 1288 1624 1342 praeditum

144 1373 275 1415 fuisse
306 1373 385 1415 sibi
415 1373 644 1425 finxerunt,
675 1371 901 1426 Nigrinum
934 1375 981 1412 ut
1012 1372 1165 1425 pignus
1199 1372 1480 1412 certissimum
1510 1371 1624 1411 colu-

144 1457 239 1498 isse.
287 1456 567 1511 Hertzberg1)
616 1456 666 1497 de
712 1468 759 1497 eo
802 1456 993 1509 loquitur
1039 1455 1137 1507 „der
1180 1454 1321 1496 scharf
1359 1455 1626 1509 verstandige

146 1540 266 1581 dabei
312 1540 421 1594 aber,
468 1542 546 1580 wie
594 1541 709 1581 seine
753 1539 1033 1593 Schilderung
1076 1539 1147 1580 des
1190 1522 1396 1593 Nigrinus
1439 1539 1624 1580 deutlich

146 1624 266 1678 zeigt,
304 1624 362 1664 im
404 1624 619 1665 innersten
663 1622 835 1663 Grunde
878 1623 1014 1663 seines
1060 1622 1250 1663 Herzens
1285 1622 1389 1663 doch
1422 1622 1624 1664 liebesbe-

146 1707 327 1762 durftige
372 1707 463 1748 und
508 1706 780 1761 liebesfahige
827 1705 946 1748 dabei
993 1705 1070 1747 ties
1109 1710 1248 1748 ernste
1289 1706 1458 1747 Mann.”
1504 1706 1552 1747 V.
1586 1707 1624 1748 d.

144 1788 402 1843 Brunsius2)
443 1792 706 1845 nuperrime:
754 1789 898 1842 „Noch
939 1789 1053 1844 giebt
1097 1789 1168 1830 der
1200 1789 1406 1844 Nigrinus
1439 1790 1624 1831 deutlich

144 1873 298 1915 Kunde
340 1886 423 1914 von
457 1874 571 1914 einer
602 1873 692 1914 Zeit
723 1873 861 1914 seiner
891 1872 1072 1927 Jugend,
1105 1874 1148 1912 in
1182 1873 1255 1913 der
1285 1885 1329 1913 er
1360 1874 1434 1913 mit
1466 1872 1625 1914 leiden—

145 1957 406 1999 schaftlicher
445 1957 775 2010 Bewunderung
807 1970 862 1997 zu
895 1957 1031 1997 einem
1064 1955 1279 1997 Vertreter
1310 1956 1382 1997 des
1415 1956 1625 1998 Platonis-

145 2054 241 2082 mus
297 2038 569 2093 aufblickte,''
628 2041 701 2082 sed
758 2041 871 2094 quod
917 2040 1046 2082 altera
1092 2054 1220 2081 manu
1269 2041 1448 2093 dederat,
1495 2041 1624 2082 altera

145 2123 338 2165 abstulit:
376 2124 477 2177 „auf
499 2124 565 2165 die
595 2123 983 2178 Ueberzeugungen
1012 2124 1084 2165 des
1111 2123 1287 2165 Mannes
1308 2122 1468 2164 Lucian
1486 2123 1623 2165 haben

145 2207 258 2248 diese
287 2207 654 2262 philosophischen
681 2207 968 2261 Anregungen
998 2206 1070 2248 des
1092 2206 1119 2248 J
1124 2206 1348 2261 ugendzeit
1375 2207 1488 2248 nicht
1505 2207 1624 2248 mehr

145 2291 224 2332 den
256 2291 451 2332 leisesten
483 2290 671 2332 Einssuss
703 2290 953 2345 ausgeiibt.''

201 2375 399 2416 Attamen
429 2389 466 2416 V.
499 2375 535 2416 d.
567 2375 709 2416 Bruns
740 2374 910 2429 fallitur,
944 2376 980 2417 si
1005 2373 1232 2430 Nigrinum
1262 2389 1285 2417 a
1308 2375 1464 2430 juvene
1493 2376 1624 2432 scrip-

144 2462 234 2500 tum
281 2471 372 2501 esse
416 2462 553 2514 putat3
602 2471 687 2499 non
733 2460 846 2500 enim
887 2458 1222 2500 obliviscendum
1268 2462 1330 2501 est
1372 2459 1623 2514 Lucianum,

146 2543 348 2597 quamdiu
387 2542 600 2584 rhetorum
641 2542 906 2597 disciplinam
949 2541 1222 2597 sequebatur,
1254 2543 1378 2595 (sicut
1408 2544 1452 2584 in
1486 2544 1622 2598 capite

188 2779 223 2823 1)
250 2780 440 2824 Hertzberg.
463 2780 581 2814 Gesch.
603 2781 662 2814 der
685 2780 817 2814 Griech.
842 2784 943 2814 unter
967 2779 1065 2813 Rom.
1091 2778 1247 2812 Herrsch.
1273 2780 1315 2812 ΙΙ.
1336 2777 1412 2813 431.

188 2841 224 2884 2)
248 2842 276 2875 J.
299 2842 422 2874 Bruns.
445 2842 525 2874 Luc.
549 2842 667 2884 philos.
691 2841 835 2875 Satiren.
860 2841 962 2883 (Mus.
987 2842 1098 2874 Rhen.
1121 2839 1218 2873 1888.
1242 2850 1273 2882 p.
1297 2838 1389 2882 167).
