1934 3334
854 338 905 378 31

131 479 309 521 Weidm.
341 477 473 519 Praef.
505 476 608 527 XX)
642 489 665 517 a
698 475 886 516 Luciano
913 472 1162 529 abjudicant.
1191 475 1456 528 Byzantinus
1484 475 1610 516 Scho-

133 564 255 605 liasta
281 563 331 604 ad
360 563 528 604 titulum
560 561 751 602 adnotat:
782 555 886 605 οὗτος
914 559 930 600 ὂ
957 561 1068 610 λόγος
1097 559 1198 600 ἐνδεῖ
1220 564 1290 606 τῆς
1316 563 1382 600 τοῦ
1401 562 1610 600 Λουκιανοῦ

134 644 236 692 ἶδέοις
263 644 329 692 καὶ
347 643 565 696 ἀγχινοίας.
586 643 688 684 Cum
707 647 845 684 tamen
863 644 907 683 in
925 643 1030 684 libro
1054 643 1130 695 „de
1149 642 1382 684 delatione’'
1401 647 1441 684 et
1457 644 1499 683 in
1523 643 1611 695 „ju-

133 729 240 770 dicio
272 727 509 770 vocalium”
543 727 721 768 eundem
736 727 903 767 inanem
924 725 1146 766 verborum
1166 727 1366 766 tinnitum
1384 726 1610 778 inveniam,

133 812 183 853 de
215 812 429 853 authentia
460 810 634 852 Hesiodi
667 813 819 850 certam
853 809 1091 862 opinionem
1124 809 1341 850 enuntiare
1359 821 1442 848 non
1464 808 1609 849 audeo.

190 894 396 949 Denique,
423 907 477 936 ne
504 894 554 935 de
576 894 812 948 sophisticis
830 892 1025 947 operibus
1043 893 1202 934 diutius
1226 893 1438 944 disseram,
1457 892 1601 933 nullus

127 980 210 1033 jam
245 977 401 1031 dubito,
436 978 538 1031 quin
571 976 785 1018 Lucianus
818 989 892 1030 per
918 980 1044 1017 totam
1070 977 1337 1029 juventutem
1366 975 1608 1028 aequalium

133 1062 282 1103 studiis
314 1061 540 1102 obsecutus
572 1061 660 1114 ipse
693 1061 744 1101 ad
777 1073 920 1101 eorum
955 1059 1195 1113 exemplum
1229 1060 1339 1099 vires
1361 1058 1605 1110 excoluerit,

132 1145 245 1186 unde
277 1144 404 1186 simul
435 1147 548 1198 patet
579 1156 796 1198 perversas
829 1156 973 1184 eorum
1007 1155 1097 1184 esse
1130 1142 1361 1196 opiniones,
1396 1141 1480 1194 qui,
1511 1153 1607 1181 cum

131 1240 323 1269 crescens
357 1228 570 1281 scriptoris
601 1228 819 1281 ingenium
846 1227 1044 1281 persequi
1062 1225 1430 1280 praetermiserint,
1449 1223 1608 1278 ubique

129 1311 241 1353 idem
273 1312 487 1352 satiricum
522 1311 688 1352 dicendi
719 1324 855 1365 genus
888 1313 1144 1364 exspectent.

190 1395 258 1435 Ad
303 1395 425 1435 aliam
474 1408 588 1435 nunc
635 1398 897 1435 transeamus
945 1394 1244 1448 quaestionem,
1279 1405 1397 1447 quae,
1429 1393 1526 1434 licet
1557 1392 1608 1434 ob

131 1483 309 1533 tempus,
341 1492 424 1532 quo
456 1478 561 1520 liber
593 1482 655 1519 est
686 1479 866 1532 scriptus
902 1477 1031 1525 (anno
1067 1478 1162 1529 162)
1191 1478 1234 1517 in
1263 1478 1396 1531 capite
1415 1478 1610 1530 sequenti

132 1562 300 1604 demum
334 1563 502 1603 tractari
535 1561 715 1616 deberet,
749 1566 888 1603 tamen
921 1565 1088 1616 propter
1118 1565 1414 1616 argumentum
1449 1561 1500 1601 ad
1517 1561 1610 1601 rhe-

132 1647 283 1687 toricas
315 1646 578 1686 laudationes
611 1646 802 1700 pertinet.

190 1729 320 1784 Saepe
376 1729 586 1784 philologi,
645 1743 740 1770 cum
795 1730 837 1769 in
885 1729 1182 1770 controversiis
1229 1727 1452 1769 Lucianeis
1498 1728 1608 1769 vires

132 1813 349 1854 ostendere
390 1813 554 1865 vellent,
599 1826 763 1854 summa
794 1813 966 1853 audacia
999 1813 1201 1864 homines,
1234 1812 1284 1852 de
1317 1811 1471 1865 quibus
1504 1810 1609 1851 nihil

131 1901 241 1938 esset
272 1901 430 1950 notum,
462 1909 536 1950 pro
569 1896 716 1937 iisdem
749 1895 999 1949 habuerunt,
1031 1897 1104 1949 qui
1137 1895 1307 1936 aliunde
1339 1894 1460 1935 nobis
1487 1895 1608 1934 inno-

131 1984 314 2033 tuerunt,
361 1993 393 2021 e.
409 1994 446 2034 g.
492 1979 748 2021 Fritzschius
796 1978 1034 2034 Nigrinum,
1068 1980 1141 2033 qui
1178 1978 1275 2019 ficta
1304 1990 1482 2032 persona
1515 1990 1606 2018 esse

131 2064 308 2118 videtur,
353 2077 426 2118 pro
472 2064 626 2104 Albino
660 2063 806 2104 Galeni
841 2064 1038 2118 magistro
1070 2062 1192 2103 nobis
1224 2062 1465 2103 venditavit.
1501 2061 1603 2102 Con-

130 2149 305 2189 trarium
353 2161 547 2201 errorem,
580 2160 663 2202 quo
696 2160 762 2189 res
794 2147 845 2188 ab
878 2148 992 2188 omni
1025 2140 1139 2201 parte
1172 2146 1413 2187 verisimilis
1445 2146 1608 2187 levissi-

133 2245 221 2273 mas
267 2231 318 2273 ob
365 2245 513 2273 causas
545 2233 588 2272 in
621 2231 796 2272 dubium
833 2235 1014 2284 vocatur,
1048 2231 1241 2272 videmus
1272 2231 1315 2270 in
1350 2231 1609 2284 quaestione,

133 2329 260 2370 quam
304 2328 418 2356 nunc
449 2327 680 2369 proponere
714 2314 849 2356 velim.
883 2313 1099 2355 Contendo
1132 2314 1242 2354 enim
1276 2312 1486 2354 Lucianeo
1522 2313 1608 2353 dia-

132 2400 239 2453 logo,
271 2400 339 2439 cui
372 2411 525 2439 nomen
559 2402 621 2439 est
650 2397 865 2451 Imayz'nes,
898 2410 981 2438 non
1007 2397 1144 2437 fictam
1171 2397 1381 2451 quandam
1401 2396 1598 2438 feminam

132 2482 182 2523 ab
228 2485 396 2523 auctore
443 2494 534 2523 esse
580 2481 802 2535 laudatam,
848 2481 920 2522 sed
953 2481 1182 2521 Pantheam
1216 2480 1274 2520 ibi
1309 2483 1609 2532 memoratam,

132 2567 307 2608 eandem
339 2567 482 2620 fuisse,
515 2579 642 2620 quam
678 2565 844 2606 Marcus
876 2565 1078 2606 Aurelius
1110 2566 1153 2604 in
1182 2565 1498 2606 commentariis
1517 2564 1605 2604 suis

134 2651 265 2705 (VIII,
313 2653 380 2704 37)
426 2654 742 2692 commemorat.
801 2649 938 2698 Quam
987 2650 1231 2703 opinionem
1280 2649 1316 2689 si
1362 2647 1608 2702 probavero,

132 2735 258 2776 simul
291 2748 410 2789 spero
441 2735 530 2775 fore
561 2738 607 2774 ut
638 2746 764 2774 causa
796 2733 991 2783 diluatur,
1024 2746 1106 2786 qua
1139 2736 1179 2773 et
1213 2732 1282 2772 alii
1315 2736 1355 2772 et
1382 2731 1600 2772 Bekkerus

132 2820 346 2875 dialogum
379 2832 452 2874 pro
486 2819 628 2873 spurio
656 2818 914 2871 judicarunt.
