1934 3334
1016 355 1070 394 58

364 495 498 545 Quam
549 495 785 549 opinionem
831 495 927 535 licet
967 495 1011 534 in
1044 493 1361 548 Icaromenippo
1394 507 1479 536 non
1510 496 1613 550 ipsis
1645 495 1782 538 verbis

301 580 611 635 significaverit,
648 582 788 620 tamen
821 592 843 620 e
875 580 1004 620 totius
1036 579 1189 633 dialogi
1221 580 1465 620 oeconomia
1496 578 1602 620 effici
1634 582 1781 634 potest.

301 664 539 704 Primarum
573 667 697 712 actor,
728 662 1084 716 Icaromenippus,
1117 662 1407 716 discrepantiis
1439 662 1781 717 philosophorum

304 746 498 788 turbatus
548 747 593 787 in
643 746 806 787 coelum
858 746 1057 799 ascendit,
1106 748 1153 786 ut
1199 759 1221 786 a
1255 746 1319 787 dis
1351 746 1446 800 plus
1480 750 1638 801 peteret
1667 747 1788 802 lucis,

301 832 375 873 sed
407 831 569 893 a—Jove
603 831 785 886 benigne
817 831 997 885 hospitio
1032 834 1239 885 acceptus,
1268 834 1490 885 postquam
1519 831 1692 873 deorum
1719 844 1786 874 res

300 915 549 956 domesticas
595 927 679 955 non
728 915 909 955 multum
959 928 983 955 a
1025 915 1264 955 mortalium
1307 917 1468 956 ratione
1503 915 1657 957 distare
1689 927 1784 970 cog-

299 1000 431 1052 novit,
462 1012 609 1040 norma
643 999 694 1039 ad
729 1000 857 1039 vitam
893 998 1000 1039 bene
1032 998 1256 1053 regendam
1289 1012 1372 1040 non
1401 1003 1545 1054 rogata
1571 1001 1613 1040 in
1631 1002 1782 1040 terram

298 1096 343 1125 re
374 1083 529 1124 infecta
560 1083 694 1124 rediit.

358 1165 703 1221 Icaromenippus
736 1167 787 1208 ad
820 1167 982 1208 coelum
1015 1169 1307 1222 peregrinatus
1335 1170 1421 1209 est:
1451 1171 1596 1209 contra
1622 1167 1784 1223 Menip-

300 1264 381 1306 pus
414 1251 630 1293 descendit
663 1251 714 1292 ad
745 1251 913 1305 inferos,
948 1255 994 1292 ut
1025 1252 1241 1305 Tiresiam,
1267 1252 1624 1305 sapientissimum
1653 1265 1789 1306 augu-

302 1349 404 1389 rem,
440 1336 490 1377 de
523 1349 692 1377 summo
728 1335 839 1376 bono
867 1335 1114 1388 consuleret,
1142 1336 1215 1389 qui
1241 1336 1501 1390 privatorum
1528 1337 1684 1377 civium
1714 1349 1785 1391 op-

300 1420 448 1460 timam
502 1432 592 1461 esse
638 1421 781 1472 vitam,
829 1420 1058 1460 dummodo
1104 1419 1410 1473 philosophiam
1451 1419 1558 1459 nihil
1589 1423 1785 1461 curarent

301 1508 341 1546 et
390 1505 630 1545 mortalium
679 1504 817 1545 studia
864 1516 961 1544 cum
1010 1504 1099 1544 risu
1146 1503 1418 1557 despicerent,
1459 1504 1689 1544 sciscitanti
1720 1515 1784 1545 re-

300 1588 479 1643 spondit.
513 1588 600 1641 (21)

360 1671 517 1713 Fusius
563 1672 737 1713 eandem
786 1673 1036 1713 sententiam
1086 1673 1130 1712 in
1176 1671 1439 1714 Hermotimo
1476 1673 1671 1727 illustrat,
1711 1673 1785 1714 ubi

303 1757 440 1811 ampla
489 1758 851 1811 argumentatione
894 1769 915 1798 e
958 1756 1166 1797 discordia
1209 1760 1418 1798 sectarum
1450 1761 1490 1799 et
1522 1770 1575 1799 ex
1607 1761 1787 1812 angusta
1818 1784 1821 1787 ι

302 1853 349 1880 ac
392 1841 512 1881 tenui
543 1840 764 1881 hominum
796 1843 947 1893 mente,
978 1841 1107 1881 vitam
1140 1841 1380 1881 mortalium
1414 1840 1648 1882 breviorem
1681 1853 1784 1895 esse,

303 1937 429 1977 quam
478 1927 524 1964 ut
565 1937 775 1965 summam
819 1925 1035 1965 veritatem
1065 1925 1268 1978 consequi
1299 1928 1482 1978 possent,
1515 1925 1782 1966 demonstrat.

303 2005 466 2054 Πάντες,
500 2008 548 2053 ὡς
580 2005 668 2053 ἔπος
699 2007 825 2054 εἰπεῖν,
858 2009 998 2062 inquit
1023 2007 1226 2061 Lucinus,
1253 2006 1336 2059 περὶ
1355 2006 1435 2048 ἔνου
1452 2009 1563 2054 σκιαῖς
1580 2006 1783 2059 μάχονται

301 2091 332 2133 οἱ
363 2094 676 2144 φιλοσοφοῦντες.
710 2093 866 2146 (Herm.
903 2094 953 2133 71
990 2093 1060 2134 cfr.
1096 2094 1162 2147 50,
1196 2094 1262 2146 51,
1296 2094 1362 2147 53,
1395 2094 1462 2147 83,
1495 2094 1576 2146 86.)

359 2175 594 2217 Lucianurn
626 2178 757 2231 igitur
788 2177 954 2218 duobus
985 2177 1160 2231 dialogis
1194 2178 1390 2231 antiquos
1423 2177 1619 2219 derisisse
1649 2178 1782 2232 philo-

303 2260 467 2314 sophos,
513 2260 650 2302 tribus
683 2261 776 2302 aliis
807 2262 947 2315 ipsum
980 2261 1267 2315 philosophiae
1300 2261 1488 2302 studium
1522 2263 1644 2315 quasi
1675 2275 1783 2302 mor-

301 2343 455 2385 talibus
497 2345 648 2385 inutile
679 2345 934 2399 repudiasse,
966 2344 1184 2385 manifeste
1217 2344 1450 2385 ostendisse
1483 2344 1618 2385 credo.
1649 2344 1782 2386 Num-

303 2440 428 2480 quam
462 2428 543 2467 nisi
575 2441 668 2468 raro
703 2427 864 2481 (Herm.
901 2428 1041 2468 9—13
1074 2431 1113 2468 et
1145 2427 1319 2468 Icarom.
1355 2427 1420 2481 16,
1448 2427 1515 2481 21,
1543 2428 1612 2479 29)
1629 2441 1782 2482 pravos

302 2509 498 2563 aequales
531 2511 791 2564 vituperasse
822 2511 1000 2564 videtur,
1034 2511 1147 2565 quod
1181 2511 1313 2552 obiter
1341 2514 1503 2551 tantum
1530 2511 1628 2551 fecit
1644 2523 1782 2565 neque

301 2593 392 2646 ipso
426 2594 613 2647 consilio,
647 2596 755 2636 sicut
786 2596 829 2635 in
863 2595 936 2636 Bis
968 2595 1179 2636 Accusato
1208 2599 1247 2636 et
1274 2597 1319 2635 in
1346 2595 1559 2636 Piscatore
1586 2596 1780 2638 vidimus.

362 2676 472 2725 Quid
504 2679 633 2732 igitur
664 2692 717 2720 ex
750 2680 1019 2733 paragraphis
1052 2680 1075 2718 2
1111 2683 1150 2720 et
1184 2680 1207 2719 3
1242 2679 1523 2733 colligendum
1557 2679 1650 2720 est?

340 2757 592 2815 'Postquam
636 2762 850 2803 Lucianus
883 2762 933 2803 ab
968 2764 1082 2802 omni
1114 2763 1402 2816 philosophiae
1434 2762 1573 2803 studio
1606 2775 1779 2805 aversus

303 2846 499 2898 antiquos
532 2846 802 2900 philosophos
834 2847 957 2887 ludos
979 2846 1096 2899 fecit,
1128 2847 1172 2886 in
1205 2846 1279 2887 Bis
1311 2847 1521 2887 Accusato
1554 2847 1664 2887 etin
1690 2846 1781 2888 Pis-
