1934 3334
853 333 905 372 27

200 472 413 525 Rhetores,
451 484 547 513 cum
581 472 631 512 ad
663 472 864 526 populum
897 471 1122 526 prodirent,
1153 485 1235 512 non
1271 484 1378 526 quae
1409 472 1490 526 ipsi
1523 484 1616 513 sen-

142 557 280 610 tirent,
327 558 371 597 in
414 555 786 597 declamationibus
819 557 1062 597 enuntiasse
1095 555 1165 596 sed
1193 555 1352 609 judicia
1384 567 1617 596 accommo-

144 642 264 682 dasse
294 641 345 692 ad
377 640 594 681 arbitrium
630 640 926 693 multitudinis,
959 653 981 681 e
1012 653 1055 681 re
1087 641 1176 694 ipsa
1193 632 1452 694 intelligitur.
1468 639 1617 693 Itaque

141 723 298 764 factum
342 726 403 764 est
436 727 493 776 ut,
524 736 619 764 cum
652 722 866 763 Lucianus
908 722 1074 773 patriae
1106 722 1268 763 laudem
1299 721 1506 762 celebrare
1539 720 1618 761 sibi

142 807 437 862 proposuisset,
471 806 597 847 verba
630 808 720 848 eius
748 819 833 846 non
863 818 915 846 ex
943 806 1091 846 intimo
1110 805 1245 846 cordis
1263 805 1411 845 affectu
1429 804 1619 856 fluerent,

143 892 228 945 sed,
269 904 377 946 quae
420 891 469 932 ab
517 890 780 932 auditoribus
826 891 986 944 requiri
1019 891 1154 942 sciret,
1188 889 1308 942 quasi
1341 887 1421 928 sibi
1453 888 1619 941 propria

142 975 327 1030 fingeret.
369 968 549 1016 Difficile
592 987 688 1028 ergo
735 973 908 1027 creditu,
940 986 1024 1013 non
1056 986 1212 1026 paucos
1245 972 1356 1026 apud
1390 971 1619 1012 Germanos

142 1061 335 1101 inventos
383 1071 473 1100 esse
519 1060 644 1111 viros,
689 1059 773 1112 qui,
817 1071 914 1098 cum
959 1058 1117 1111 patriae
1150 1056 1314 1097 laudem
1349 1060 1444 1096 ante
1477 1055 1619 1096 oculos

143 1142 354 1195 haberent,
393 1141 624 1182 Lucianum
670 1142 791 1195 quasi
828 1140 1055 1194 perfectum
1091 1140 1225 1180 civem
1259 1139 1545 1193 praedicarent
1580 1141 1619 1178 et

145 1227 373 1280 diligerent.
405 1225 599 1266 Wieland
633 1226 688 1275 (in
720 1224 821 1266 Luc.
851 1225 1043 1265 versione
1070 1223 1119 1263 V.
1150 1224 1248 1275 379)
1277 1223 1618 1263 declamationem

144 1309 343 1363 appellat:
387 1308 518 1361 „Eine
549 1308 649 1349 reife
682 1308 770 1349 und
802 1307 892 1348 edle
924 1307 1081 1348 Frucht
1113 1308 1251 1347 seiner
1283 1310 1449 1360 spatern
1482 1305 1623 1358 Jahre,

143 1393 261 1434 mehr
291 1393 358 1433 ein
390 1392 519 1433 Werk
553 1392 624 1433 des
655 1391 844 1432 Herzens
877 1391 937 1432 als
971 1391 1042 1432 des
1075 1389 1275 1443 Witzes’',
1309 1402 1490 1444 quocum
1524 1402 1621 1429 con-

144 1478 324 1517 veniunt
370 1476 496 1517 verba
540 1475 687 1516 Jacobi
734 1474 866 1523 (Char.
914 1474 1013 1515 Luc.
1057 1488 1094 1528 p.
1141 1475 1209 1526 39)
1265 1474 1356 1526 „die
1398 1473 1622 1526 Innigkeit,

145 1560 300 1600 welche
333 1560 449 1600 darin
481 1559 571 1600 fern
600 1572 681 1599 von
700 1559 820 1599 allem
839 1558 1118 1612 Redeprunke
1135 1558 1335 1609 herrscht,
1353 1557 1463 1598 stellt
1481 1570 1524 1597 es
1543 1557 1622 1597 den

145 1643 329 1684 edelsten
371 1642 863 1697 Herzensergiessungen
909 1642 1012 1683 alter
1043 1641 1130 1682 und
1162 1653 1294 1682 neuer
1326 1639 1624 1681 Schriftsteller

144 1727 249 1769 iiber
276 1727 416 1768 diesen
439 1727 623 1768 edelsten
643 1726 909 1781 Geg-enstand
928 1727 1042 1767 nicht
1058 1725 1296 1780 Unwiirdig
1315 1739 1366 1766 an
1387 1725 1452 1766 die
1471 1724 1621 1766 Seite.'’

205 1809 308 1860 Quis
355 1814 505 1864 tamen,
547 1812 620 1865 qui
652 1823 736 1851 non
768 1811 890 1865 plane
923 1811 1040 1851 rudis
1074 1811 1128 1851 sit
1160 1811 1203 1850 in
1238 1809 1414 1850 Luciani
1448 1809 1625 1862 scriptis,

143 1894 269 1935 verba
315 1906 367 1935 ex
416 1895 544 1934 animi
588 1895 795 1935 sententia
827 1893 1007 1948 profecta
1043 1906 1134 1934 esse
1166 1896 1296 1947 putet,
1332 1893 1473 1946 qualia
1508 1895 1618 1932 sunt:

144 1977 174 2017 εἶ
214 1974 253 2017 δὲ
289 1977 382 2022 θεοῖς
423 1976 546 2026 τίμιον
579 1977 621 2017 τὸ
652 1981 722 2022 τῆς
755 1975 937 2027 πατρίδος
971 1974 1105 2029 ὄνομα,
1137 1978 1216 2021 πῶς
1250 1976 1313 2016 οὐκ
1347 1974 1548 2025 ἀνθρώποις
1579 1991 1626 2022 γε

145 2060 274 2111 πολλῷ
322 2061 497 2109 μᾶ>.).σν;
546 2073 683 2114 neque
724 2061 827 2112 viro,
869 2061 942 2113 qui
985 2073 1058 2114 per
1091 2072 1235 2100 omnes
1268 2063 1402 2100 terrae
1434 2060 1626 2113 regiones

144 2157 280 2186 errare
325 2143 493 2197 solebat,
531 2147 728 2185 terrorem
772 2145 960 2185 incutere
994 2147 1152 2198 poterat
1184 2143 1226 2183 τὸ
1260 2141 1365 2192 μετὰ
1399 2140 1558 2182 θαένκπν
1588 2142 1625 2181 ἐν

146 2226 330 2279 ἀλλοτρίᾳ
375 2227 519 2267 κεῖσθαι
566 2232 631 2278 γῇ.
675 2226 824 2281 Neque
865 2227 1063 2268 audaciae
1107 2227 1209 2267 mihi
1247 2227 1389 2267 videor
1431 2239 1625 2267 accusan-

147 2311 225 2351 dus
258 2323 360 2363 esse,
394 2311 428 2351 si
459 2309 635 2350 Luciani
668 2322 753 2350 non
787 2310 967 2350 multum
986 2310 1229 2351 interfuisse
1248 2310 1467 2362 contendo,
1484 2313 1626 2350 utrum

143 2394 317 2448 patriam
350 2393 550 2446 laudaret,
581 2406 633 2433 an
663 2418 714 2422 —
745 2396 791 2433 ut
808 2406 894 2434 rem
914 2394 1075 2433 minimi
1094 2393 1214 2447 pretii
1234 2393 1367 2433 dicam
1387 2418 1438 2422 —
1458 2392 1629 2433 Museae

145 2477 382 2527 honor-ew)
415 2477 465 2518 ad
497 2478 743 2518 rhetoricam
778 2478 1064 2517 recitationem
1100 2477 1331 2517 adornaret.

201 2562 259 2602 At
301 2561 350 2602 de
381 2561 615 2615 philologis,
647 2562 734 2615 qui,
769 2574 880 2615 quae
913 2560 1129 2602 Lucianus
1161 2561 1300 2602 rhetor
1331 2561 1522 2602 elocutus
1554 2564 1626 2613 est,

191 2765 226 2807 1)
250 2767 311 2798 Dio
334 2767 484 2799 laudavit
507 2767 699 2809 psittacum,
723 2767 909 2799 Favorinus
936 2767 1091 2807 culicem,
1112 2767 1303 2799 Clitarchus
1316 2766 1627 2808 teredinem,Poly-

145 2830 252 2860 crates
273 2837 397 2860 mures.
