1934 3334
1010 345 1062 383 74

299 487 523 540 dialogum
573 484 681 526 XIII
725 498 820 526 cum
852 482 1093 535 Μισουμένῳ.
1125 484 1191 524 Ad
1223 483 1464 537 exemplum
1494 480 1773 533 Ῥαπιζομὲνης

294 571 470 612 fortasse
503 573 567 611 est
600 568 876 610 adumbratus
905 568 1096 622 dialogus
1123 567 1219 621 XV,
1248 568 1369 609 cuius
1389 566 1528 620 verba,
1544 567 1627 608 nisi
1643 566 1776 620 fallor,

292 654 474 709 pessime
505 654 615 694 inter
649 665 693 694 se
723 655 926 707 pugnant.
953 652 1130 692 Amator
1157 652 1267 692 enim
1297 651 1363 704 §1
1393 648 1564 697 Αἰτωλός
1590 654 1776 705 vocatur,

297 737 363 789 §2
398 749 496 777 vero
528 748 683 777 nomen
716 737 759 776 in
786 733 975 786 Μεγαρέα
1003 735 1163 776 transit.
1195 734 1390 788 Colonus,
1418 735 1492 788 qui
1519 733 1631 788 apud
1646 746 1777 775 mere-

292 821 438 861 tricem
487 822 584 873 erat,
632 833 655 860 a
696 819 818 860 rivali
861 822 943 859 tam
987 819 1170 873 graviter
1211 818 1458 859 vulneratur
1491 817 1531 870 (ξ
1551 818 1602 870 1),
1637 820 1681 858 ut
1712 816 1777 857 οὐκ

295 887 450 950 ἴσασιν,δ
468 902 498 943 εἰ
531 900 726 952 βιώσεται,
761 906 944 943 attamen
979 903 1046 955 §⁴2
1080 902 1238 943 vulnus
1265 915 1348 942 non
1369 914 1534 954 curans,
1552 902 1692 943 statim
1709 900 1779 942 ille

297 987 517 1040 ἀπέρχεται
564 986 750 1039 ὀψόμενός
798 1002 906 1033 τινας
949 986 1086 1038 φίλους
1127 988 1200 1026 τῶν
1241 986 1420 1032 ἀστικῶν,
1453 984 1483 1026 οἳ
1513 984 1780 1038 παραδώσουσι

296 1075 372 1118 τοῖς
403 1069 607 1123 πρυτάνεσι
638 1070 701 1111 τὸν
733 1069 933 1122 Μεγαρέα.

356 1156 409 1196 Π.
446 1155 578 1196 Cuius
622 1155 925 1209 discrepantiae
958 1155 1118 1209 origine
1150 1155 1193 1194 in
1227 1154 1365 1195 medio
1397 1153 1552 1206 relicta,
1583 1165 1698 1194 nunc
1730 1152 1782 1194 ad

299 1241 509 1283 Timonem
549 1243 826 1292 transeamus,
859 1251 983 1293 quem
1018 1238 1231 1292 dialogum
1264 1236 1479 1278 Lucianus
1510 1236 1639 1278 libere
1671 1248 1783 1277 com-

298 1326 492 1381 posuisse
535 1324 702 1365 videtur
743 1323 795 1363 ad
836 1323 1093 1377 Antiphanis
1137 1321 1390 1376 exemplum.
1432 1320 1482 1361 In
1528 1333 1612 1374 qua
1641 1319 1785 1361 fabula

301 1412 458 1464 quanta
500 1421 601 1449 cura
642 1407 897 1448 comicorum
942 1406 1226 1447 oeconomiam
1260 1408 1432 1447 secutus
1464 1405 1530 1458 sit,
1560 1404 1659 1445 inde
1691 1416 1786 1458 cog-

303 1493 530 1545 noscimus,
581 1490 694 1545 quod
740 1490 862 1531 facile
909 1493 1021 1531 totus
1065 1489 1256 1544 dialogus
1298 1490 1356 1530 ita
1397 1490 1442 1529 in
1475 1501 1623 1530 scenas
1656 1488 1787 1529 dividi

304 1578 452 1631 potest,
482 1579 530 1616 ut
562 1587 797 1628 numquam
831 1574 927 1628 plus
962 1586 1088 1627 quam
1122 1576 1205 1614 tres
1238 1585 1442 1627 personae
1473 1573 1584 1613 inter
1615 1584 1659 1613 se
1690 1584 1788 1613 con-

303 1660 557 1701 fabulentur.
604 1658 855 1699 Praesertim
903 1657 1076 1698 alterius
1123 1658 1253 1711 partis
1298 1656 1500 1708 (41—58)
1543 1656 1789 1710 compositio

304 1745 407 1785 mihi
465 1744 645 1784 duarum
702 1742 1104 1796 Aristophanearum
1150 1741 1390 1782 fabularum
1441 1744 1698 1782 structuram
1744 1742 1789 1782 in

304 1828 548 1869 memoriam
591 1830 770 1868 revocat.
814 1826 1046 1880 Postquam
1091 1827 1203 1866 enim
1240 1825 1388 1866 Timon
1421 1825 1665 1866 thesaurum
1698 1837 1791 1880 rep-

304 1914 412 1967 perit
471 1912 686 1965 (ΛΗ-46),
745 1914 945 1965 quattuor
1003 1923 1152 1951 scenae
1211 1909 1435 1950 admodum
1480 1909 1577 1949 laxo
1621 1909 1791 1950 vinculo

305 1999 414 2038 inter
456 2009 500 2038 se
544 1997 792 2049 conjunctae
824 1998 1076 2049 sequuntur,
1109 1996 1153 2034 in
1187 1994 1343 2048 quibus
1377 1994 1542 2035 diversa
1574 1993 1792 2035 hominum

305 2093 459 2135 genera
504 2094 527 2121 a
573 2080 747 2121 Timone
788 2081 831 2120 in
865 2081 1083 2133 antiquam
1111 2080 1305 2120 restituto
1332 2078 1545 2119 fortunam
1574 2078 1795 2120 adulanter

307 2164 509 2206 beneficia
541 2164 742 2218 flagitant.
778 2162 893 2212 Quae
925 2163 1122 2217 episodia,
1154 2163 1266 2216 quod
1299 2162 1351 2203 ad
1384 2162 1670 2203 oeconomiam
1703 2174 1794 2216 per-

308 2249 424 2301 tinet,
474 2260 570 2288 cum
617 2246 739 2287 Pacis
782 2249 822 2287 et
868 2246 1209 2287 Acharnensium
1256 2245 1340 2286 fine
1382 2245 1484 2285 mihi
1517 2244 1796 2298 comparanda

309 2331 518 2384 videntur,
566 2329 638 2371 ubi
684 2330 790 2370 varii
837 2332 1090 2370 mercatores
1136 2329 1187 2369 ad
1234 2328 1471 2383 Trygaeum
1508 2328 1697 2381 veniunt,
1730 2326 1797 2368 vel

311 2415 500 2456 diversae
547 2415 767 2456 hominum
815 2415 973 2469 species
1021 2427 1045 2454 a
1090 2412 1386 2467 Dicaeopolide
1433 2412 1547 2466 pacis
1579 2410 1797 2452 commoda

312 2499 553 2552 deposcunt.

372 2582 467 2622 Uno
500 2585 640 2623 autem
669 2585 895 2637 conspectu
925 2585 973 2623 ut
989 2582 1175 2622 Timonis
1194 2581 1538 2635 compositionem
1557 2578 1633 2620 tibi
1650 2591 1801 2633 propo-

314 2679 425 2719 nam,
460 2666 812 2721 distributionem,
845 2667 959 2721 quod
992 2667 1044 2707 ad
1078 2669 1236 2720 septem
1269 2667 1428 2720 priores
1447 2677 1593 2706 scenas
1611 2665 1800 2719 pertinet,

319 2756 343 2790 a
373 2749 546 2803 Kockio,
579 2751 753 2791 alteram
786 2754 948 2805 partem
981 2764 1005 2791 a
1036 2762 1102 2791 me
1133 2751 1223 2804 ipso
1256 2749 1518 2803 delineatam,
1549 2749 1617 2789 hic
1644 2749 1800 2790 exscri—

316 2833 414 2876 bere
445 2834 601 2889 placet:
