1934 3334
999 340 1053 382 26

293 483 698 540 „Tyrannicidarum
742 483 927 537 praemia
968 484 1039 522 aut
1081 480 1288 535 quidquid
1330 481 1371 521 in
1414 480 1554 522 schola
1586 480 1772 536 quotidie

291 568 479 625 agitur”:
513 567 685 608 Lucian.
715 566 764 607 de
795 566 927 607 saltat.
959 565 1012 605 65
1039 566 1112 605 τῶν
1140 566 1312 614 μελετῶν
1338 563 1531 616 πρόσωπα.
1550 597 1558 605 .
1576 597 1610 605 ,.
1635 579 1771 616 τυραν-

285 653 459 704 νοκτόνοι)
494 655 621 705 atque
657 650 765 691 duae
799 650 956 701 πονηραὶ
990 650 1080 690 sive
1112 645 1238 691 ἄδοξοι
1274 645 1463 693 ὑποθέσεις
1479 645 1521 700 1),
1555 648 1598 687 in
1617 646 1772 702 quibus

286 739 378 792 ipsa
424 736 602 777 deterior
636 748 762 776 causa
796 734 999 775 oratoriae
1030 733 1243 774 facultatis
1277 732 1445 773 laudem
1480 743 1635 786 augere
1667 731 1772 773 sole-

288 821 370 862 bat.
420 820 476 861 Ut
522 820 633 860 enim
682 818 751 859 alii
800 818 986 859 rhetores
1035 816 1408 869 Clytaemnestram
1452 819 1492 857 et
1533 815 1773 857 Busiridem

290 906 410 959 quasi
443 889 623 944 *virtutis
667 902 859 956 exempla
901 900 1139 953 laudabant,
1173 901 1231 941 sic
1263 898 1477 941 Lucianus
1508 898 1772 940 Phalaridem

284 988 419 1029 ferum
456 986 781 1041 Agrigentinum
814 989 1045 1037 tyrannum
1080 984 1320 1038 praedicare
1352 983 1431 1024 sibi
1464 984 1692 1038 proposuit.
1721 982 1773 1024 In

285 1073 414 1115 altero
462 1072 610 1113 deinde
642 1069 871 1112 Phalaride
903 1068 1133 1123 Delphicus
1168 1068 1337 1122 quidam
1373 1068 1565 1110 sacerdos
1599 1080 1673 1122 pro
1706 1079 1772 1108 ac-

287 1157 478 1211 cipiendo
526 1156 634 1196 dono
682 1168 705 1195 a
747 1154 906 1195 nefario
953 1158 1132 1206 tyranno
1176 1154 1264 1194 suis
1307 1152 1472 1194 civibus
1515 1156 1554 1194 et
1586 1152 1773 1207 Apollini

288 1241 438 1293 oblato,
471 1241 712 1281 suasoriam
740 1238 896 1279 hahuit.

347 1324 559 1365 Sedatiore
609 1323 730 1375 stylo,
779 1323 851 1376 qui
900 1322 1034 1375 magis
1069 1333 1163 1360 cum
1198 1320 1332 1360 ethica
1364 1320 1646 1374 disputatione
1677 1333 1774 1361 con-

289 1408 497 1462 veniebat,
532 1409 715 1462 scriptus
747 1410 810 1447 est
841 1405 946 1446 liber
978 1405 1026 1445 de
1056 1417 1140 1445 nori
1173 1407 1317 1445 temere
1343 1403 1540 1445 credendo
1566 1403 1777 1458 delationi,

289 1493 402 1548 quod
436 1506 542 1546 opus
577 1505 651 1546 pro
685 1491 891 1532 rhetorica
919 1489 1220 1530 declamatione
1248 1487 1486 1529 habendum
1517 1500 1608 1529 esse
1634 1500 1774 1542 neque

288 1590 361 1632 pro
409 1576 663 1628 defensione,
711 1588 795 1628 qua
842 1574 1051 1628 propriam
1098 1586 1268 1613 causam
1311 1571 1526 1613 Lucianus
1569 1572 1774 1613 adversus

288 1661 557 1702 inimicorum
592 1660 825 1700 calumnias
857 1658 965 1698 tueri
1000 1656 1221 1710 studuerit,
1252 1656 1452 1710 languida
1484 1655 1610 1697 dictio
1637 1659 1677 1697 et
1693 1655 1774 1696 loci

287 1756 532 1785 communes
564 1742 703 1783 lucide
736 1742 1033 1782 demonstrant.

348 1828 483 1868 Etiam
527 1827 822 1881 grammaticas
868 1837 1003 1878 nugas
1045 1823 1261 1864 Lucianus
1302 1824 1346 1863 iu
1376 1822 1540 1877 judicio
1579 1822 1775 1864 vocalium

288 1913 492 1953 rhetorice
536 1911 711 1963 ornavit,
750 1909 823 1950 ubi
854 1909 1034 1949 litteram
1068 1923 1091 1947 σ-
1123 1908 1337 1948 inimicam
1372 1922 1397 1947 τ
1427 1919 1624 1948 accusare
1653 1906 1774 1962 fingit

291 1996 382 2047 βίοις
426 1994 493 2036 καὶ
536 1994 732 2046 ἁρπαγῆς,
778 1993 999 2045 ἀφῃρῆσθαι
1042 1991 1232 2042 λέγουσαν
1275 1989 1428 2032 πάντων
1469 1993 1542 2031 τῶν
1584 1990 1621 2031 ἐν
1651 1990 1773 2043 διπλῷ

289 2083 365 2122 ταῦ
397 2078 667 2131 ἐκφερομένων.

353 2164 532 2219 „Quid,''
580 2165 637 2204 ita
680 2162 1014 2216 interpellantem
1063 2160 1167 2201 mihi
1210 2159 1354 2200 videor
1387 2159 1534 2200 audire
1565 2159 1774 2213 lectorem,

294 2252 364 2302 „tu
399 2249 549 2300 omnia,
583 2260 690 2301 quae
722 2245 938 2287 Lucianus
966 2246 1107 2286 rhetor
1134 2244 1380 2298 composuit,
1408 2244 1562 2297 scripta
1579 2243 1773 2297 colligere

289 2344 520 2385 eorumque
561 2334 807 2385 argumenta
848 2342 1058 2383 exponere
1099 2328 1350 2382 aggrederis,
1396 2328 1517 2381 quasi
1559 2340 1583 2368 a
1615 2326 1772 2368 Meesio

290 2417 367 2457 hoc
401 2429 506 2470 opus
540 2428 624 2456 non
658 2415 709 2455 ad
743 2416 904 2455 exitum
941 2415 992 2454 sit
1025 2412 1337 2467 perductum''‘?

348 2498 521 2539 Minime
564 2510 674 2550 ver0,
709 2498 758 2538 de
791 2498 843 2537 iis
877 2497 1000 2537 modo
1033 2496 1343 2549 controversiis,
1377 2508 1482 2549 quas
1516 2495 1566 2536 de
1597 2494 1771 2536 consilio

292 2583 501 2624 scribendi
531 2582 733 2637 philologi
780 2584 1014 2634 moverunt,
1049 2580 1280 2634 disputabo.

331 2784 365 2825 1)
392 2785 458 2818 Cir.
482 2785 518 2817 L.
543 2785 734 2825 Cresollius,
758 2785 944 2817 Theatrum
974 2788 1128 2816 veterum
1153 2785 1355 2822 Rhetorum,
1374 2784 1509 2816 Parisiis
1521 2782 1618 2815 1620.
1633 2784 1679 2825 (p.
1693 2782 1769 2823 204)

291 2846 349 2887 qui
375 2846 459 2878 liber
484 2846 524 2877 ad
548 2846 778 2888 sophistarum
804 2845 917 2878 studia
939 2846 1165 2887 cognoscenda
1189 2846 1292 2878 etiam
1316 2846 1414 2878 hodie
1437 2849 1488 2877 est
1512 2844 1725 2877 utilissimus,
