1934 3334
991 347 1045 387 86

275 503 358 543 quo
407 489 608 543 ambiguo
656 489 829 529 nomine
876 489 1002 529 etiam
1047 488 1091 527 in
1136 487 1258 528 titulo
1301 486 1396 527 libri
1439 485 1558 539 „Elam
1592 485 1758 538 πρᾶσις”

274 575 451 627 scriptor
483 586 586 614 usus
619 576 693 614 est.

334 657 385 696 V.
421 657 457 697 d.
489 656 702 698 Brunsius
720 657 764 709 1),
807 668 903 696 cum
940 655 990 695 de
1023 654 1197 708 dialogis
1230 655 1409 695 satiricis
1443 653 1654 707 scriberet,
1686 666 1758 708 op-

277 742 382 781 timo
425 742 521 794 jure
569 740 618 781 de
666 740 863 780 Vitaruin
914 739 1124 779 Auctione
1172 738 1299 778 dixit:
1349 737 1447 789 „der
1492 736 1759 778 Griechische

275 823 400 865 Leser
447 824 546 864 oder
592 823 730 864 Horer
773 822 930 863 konnte
972 822 1060 862 sich
1105 834 1193 862 nun
1228 821 1294 862 bei
1327 821 1465 861 einem
1501 821 1544 860 in
1577 832 1755 874 persona

282 888 571 949 austretenden
630 906 712 956 βίος
771 907 867 947 sehr
913 906 1321 959 verschiedenartige
1368 903 1506 959 Dinge
1553 896 1779 946 denkenff‘

278 991 370 1040 Qua
412 1005 465 1033 ex
507 991 783 1046 ambiguitate
816 994 1010 1031 nostrum
1047 990 1205 1030 librum
1241 994 1281 1030 et
1314 989 1574 1029 Piscatorem
1612 988 1759 1029 eodem

275 1079 464 1130 tempore
494 1076 751 1129 compositos
780 1087 873 1115 esse
901 1074 1047 1126 effecit,
1075 1074 1131 1114 ita
1161 1077 1206 1113 ut
1234 1073 1412 1126 scriptor
1430 1072 1568 1126 priore
1586 1071 1763 1125 dialogo,

276 1161 396 1213 quasi
429 1160 602 1200 alterius
630 1159 815 1213 prologo,
842 1158 1018 1199 lectores
1046 1158 1361 1211 exspectatione
1388 1157 1572 1197 intentos
1589 1155 1762 1196 reddere

277 1243 467 1284 voluerit.
503 1242 611 1291 Quia
643 1247 785 1283 tamen
820 1241 1014 1282 Vitaruin
1051 1242 1204 1281 Auctio
1236 1241 1364 1281 tantis
1400 1239 1565 1280 mendis
1591 1238 1762 1291 laborat,

279 1330 325 1366 ut
372 1339 613 1379 numquam
662 1325 900 1366 Lucianum
951 1338 1027 1366 sua
1070 1327 1218 1378 sponte
1261 1324 1478 1378 dialogum
1513 1327 1599 1364 tam
1634 1334 1763 1377 prave

279 1411 570 1463 composuisse
613 1409 794 1462 credam,
839 1409 919 1449 alia
952 1409 1018 1449 via
1050 1407 1342 1448 difficultatem
1377 1407 1538 1448 solvere
1570 1405 1762 1447 conabor.

278 1493 474 1535 Libenter
521 1493 705 1534 Brunsio
753 1493 947 1545 concedo,
993 1492 1115 1545 „dass
1159 1492 1295 1532 dieser
1326 1492 1464 1532 kleine
1495 1489 1646 1544 Dialog
1678 1490 1756 1530 mit

280 1579 375 1619 dem
425 1577 810 1619 uniibersetzbaren
856 1577 960 1618 Titel
1008 1575 1100 1625 βίων
1143 1576 1280 1627 πρᾶσις
1322 1575 1383 1616 als
1415 1574 1763 1629 abgeschlossene

280 1662 551 1703 Publikation
599 1662 778 1715 gedacht
826 1662 890 1701 ein
940 1661 1077 1701 reines
1122 1659 1295 1713 Unding
1334 1658 1430 1710 ist,''
1474 1662 1524 1710 et,
1568 1658 1668 1712 quia
1711 1669 1763 1697 ex

279 1746 491 1786 Piscatore
539 1745 764 1798 explicatio
808 1744 1004 1785 Vitarum
1039 1744 1263 1784 Auctionis
1295 1744 1379 1797 peti
1413 1746 1560 1796 potest,
1592 1741 1764 1794 librum,

281 1829 450 1882 qualem
499 1841 576 1869 nos
623 1828 745 1869 hodie
787 1828 1006 1880 habemus,
1043 1827 1189 1868 eodem
1224 1831 1425 1881 tempore,
1459 1839 1542 1880 quo
1575 1826 1765 1868 Piscator

282 1913 326 1952 in
368 1912 507 1952 lucem
545 1911 713 1965 prodiit,
744 1911 905 1952 editum
943 1923 1034 1952 esse
1065 1915 1178 1964 puto.
1213 1910 1320 1951 Cum
1356 1910 1474 1951 Plato
1510 1909 1632 1962 (Piso.
1667 1911 1693 1949 4
1724 1912 1764 1950 et

283 1997 350 2047 15)
399 1999 438 2036 et
485 1994 696 2049 Diogenes
745 1994 868 2045 (Piso.
918 1995 971 2035 22
1016 1998 1056 2035 et
1099 1995 1168 2045 27)
1214 1995 1373 2047 optimo
1410 1994 1758 2047 juresatiricum

281 2082 563 2130 accusassent,
608 2078 720 2132 quod
752 2090 901 2118 omnes
935 2077 1222 2131 philosophiae
1256 2077 1384 2117 duces
1420 2077 1599 2116 minimo
1630 2076 1764 2130 pretio

283 2164 404 2215 quasi
439 2163 649 2216 mancipia
682 2161 952 2213 vendidisset,
985 2160 1200 2201 Lucianus
1233 2173 1277 2201 se
1309 2173 1393 2200 non
1425 2158 1656 2213 Diogenem
1693 2158 1765 2200 sed

282 2245 538 2299 flagitiosum
571 2245 781 2297 Cynicum
801 2246 1020 2299 aequalem
1044 2245 1284 2286 vendidisse
1302 2244 1535 2298 respondet.
1553 2245 1623 2296 (48
1641 2243 1767 2294 Piso.)

281 2329 405 2369 Nunc
452 2329 651 2370 Vitarum
702 2330 972 2381 Auctionem,
1020 2328 1094 2369 ubi
1143 2328 1329 2380 Cynicus
1375 2327 1458 2376 βίος
1502 2327 1765 2379 describitur,

283 2412 530 2453 evolvamus
576 2413 761 2464 (8-12).
808 2411 918 2460 Quid
949 2411 1229 2452 invenimus?
1262 2411 1383 2451 Prior
1415 2424 1511 2464 pars
1544 2411 1598 2463 (8,
1633 2411 1671 2461 9)
1703 2422 1765 2450 re-

285 2496 408 2548 spicit
450 2496 501 2535 ad
538 2499 698 2536 veteres
730 2496 825 2536 illos
859 2496 1041 2547 cynicos,
1075 2495 1151 2548 qui
1183 2492 1427 2545 ἐλευθερίαν-αεὶ
1460 2496 1532 2533 τῶν
1566 2492 1766 2544 ἀνθρώπων

283 2577 350 2618 nx)
384 2578 498 2630 low-po}
530 2580 602 2618 τῶν
635 2579 764 2619 παθῶν
792 2591 882 2620 esse
912 2579 1070 2631 volunt,
1098 2580 1325 2632 posteriore
1343 2591 1441 2619 vero
1462 2582 1577 2631 parte
1594 2577 1675 2629 (10,
1696 2577 1764 2629 ll)

331 2837 362 2877 1)
392 2837 416 2867 I.
442 2836 564 2868 Bruns.
589 2837 668 2869 Luc.
692 2838 812 2878 philos.
836 2837 905 2869 Sat.
931 2838 1014 2870 Mus.
1038 2836 1149 2870 Rhen.
1173 2836 1268 2868 1888.
