1934 3334
839 335 892 374 25

143 476 183 515 et
223 476 433 528 quatenus
465 473 510 514 in
545 473 804 527 argumentis
836 472 1063 513 tractandis
1096 473 1332 527 aequalium
1367 473 1621 515 oboediverit

140 556 438 598 voluntatibus.

198 639 396 686 Solebam:
443 643 482 681 et
529 640 599 680 alii
646 639 856 694 sophistae
899 643 938 680 et
973 638 1196 692 Lucianus,
1228 643 1450 694 antequam
1485 641 1618 682 decla-

141 724 363 765 mationem
397 723 448 764 ad
479 723 687 778 populum
715 722 970 777 incipiebant
997 723 1273 777 praefationes
1301 726 1388 765 sive
1405 724 1618 776 προλωλίοις

140 809 415 862 praemittere,
461 809 507 848 in
555 806 712 861 quibus
755 806 1004 860 plerumque
1048 806 1197 848 fabella
1242 808 1520 863 mythologica
1553 809 1618 850 vel

140 891 337 932 historica
383 890 434 931 ad
481 891 694 944 sequentis
743 890 1055 931 declamationis
1103 895 1396 945 argumentum
1448 896 1520 933 aut
1567 893 1619 934 ad

141 974 313 1015 oratoris
355 986 572 1028 personam
608 973 948 1014 transferebatur.
982 973 1049 1013 Ex
1085 987 1166 1027 quo
1198 975 1431 1015 litterarum
1465 989 1617 1030 genere

142 1060 367 1112 supersunt
399 1056 643 1109 Herodotus,
674 1055 966 1109 Harmonicles,
998 1055 1147 1111 Scytha
1167 1058 1195 1108 1)
1228 1062 1266 1099 et
1298 1058 1504 1099 Electron.

201 1140 406 1190 Quattuor
431 1140 527 1181 libri
554 1139 758 1181 referendi
787 1143 887 1180 sunt
916 1140 967 1180 ad
986 1140 1308 1182 declamationes
1329 1142 1417 1182 sive
1434 1140 1618 1196 μελέτας,

141 1225 185 1264 in
233 1224 387 1278 quibus
435 1225 676 1279 praesertim
725 1223 1097 1265 exercitationibus
1139 1225 1348 1278 sophistae
1393 1237 1436 1265 se
1464 1226 1618 1278 jactare

143 1306 343 1360 solebant,
391 1320 568 1361 quarum
612 1320 737 1347 unam
783 1307 904 1360 quasi
935 1306 1165 1360 perfectum
1201 1308 1440 1361 exemplum
1473 1310 1619 1362 paucis

144 1390 367 1432 enarrabo:
407 1390 544 1443 „filius
578 1390 747 1444 quidam
780 1403 802 1430 a
828 1393 944 1444 patre
972 1390 1186 1431 abdicatus
1205 1391 1435 1432 medicinae
1453 1392 1620 1433 studere

147 1476 293 1529 coepit.
328 1473 432 1515 Cum
465 1478 608 1528 postea
639 1478 794 1528 patrem
830 1477 1109 1527 aegrotantem
1146 1475 1293 1514 medici
1327 1476 1467 1515 sanari
1497 1488 1620 1529 posse

144 1562 357 1613 negarent,
388 1558 502 1599 filius
535 1558 586 1598 ad
618 1558 818 1599 lectulum
853 1561 1025 1599 vocatus
1058 1559 1193 1600 salute
1224 1559 1347 1600 allata
1376 1573 1471 1600 cum
1505 1564 1621 1614 patre

143 1642 266 1684 rediit
295 1643 335 1682 in
371 1643 606 1683 amicitiam.
636 1641 737 1682 Mox
765 1655 945 1683 noverca
971 1646 1054 1683 tam
1082 1644 1201 1696 gravi
1232 1644 1376 1684 morbo
1395 1643 1621 1698 laborante,

143 1730 190 1767 ut
236 1738 380 1767 omnes
427 1726 708 1781 desperarent,
754 1730 870 1780 pater
916 1726 1048 1767 filium
1100 1731 1147 1767 ut
1188 1728 1340 1768 iterum
1386 1728 1622 1769 mederetur

143 1812 316 1864 rogavit.
351 1809 454 1850 Cum
488 1823 586 1851 vero
619 1811 654 1851 is
691 1823 858 1864 quoque
886 1810 1133 1851 medicinam
1163 1811 1359 1852 adhibere
1386 1825 1469 1852 non
1496 1812 1621 1853 aude-

143 1898 216 1947 ret,
260 1894 396 1935 denuo
439 1907 462 1934 a
503 1897 617 1948 patre
650 1897 711 1934 est
742 1893 999 1935 abdicatus.⁷’
1033 1893 1167 1942 Quam
1199 1895 1424 1936 secundam
1458 1895 1621 1936 abdica-

144 1979 300 2018 tionem
329 1981 445 2031 pater
472 1977 598 2018 salvis
618 1977 781 2031 legibus
798 1979 1070 2031 pronuntiare
1087 1980 1268 2032 potuerit
1286 1991 1428 2028 necne,
1447 1980 1622 2034 scriptor

146 2061 367 2114 disceptari
398 2059 528 2114 fingit.

202 2144 374 2186 Praeter
414 2144 536 2185 illum
579 2143 712 2195 filium
745 2144 991 2197 abdicatum,
1025 2145 1136 2199 quod
1172 2150 1463 2199 argumentum
1499 2148 1621 2188 etiam

145 2228 256 2282 apud
284 2227 481 2269 Senecam
515 2228 719 2268 rhetorem
741 2229 838 2280 (4.5)
856 2229 1082 2280 invenitur,
1100 2228 1198 2268 alibi
1223 2242 1391 2283 quoque
1409 2229 1623 2272 Lucianus

145 2311 336 2364 ostendit,
385 2314 640 2365 quantopere
690 2312 732 2350 in
782 2313 1161 2352 controversiarum
1208 2325 1360 2366 genere
1391 2313 1622 2355 excelleret.

146 2394 274 2435 Extat
307 2396 417 2436 enim
451 2394 739 2449 Tyrannicida
768 2394 967 2448 frequens
999 2396 1041 2435 in
1076 2396 1287 2436 rhetorum
1318 2397 1470 2438 scholis
1489 2397 1623 2439 decla-

147 2479 274 2519 matio
302 2478 385 2531 (cfr.
419 2478 576 2519 Seneca
612 2478 688 2531 1.7,
722 2479 828 2526 213,
862 2478 939 2531 3.6‚
973 2479 1038 2518 4.7
1073 2483 1112 2519 et
1145 2478 1249 2520 Dial.
1284 2480 1334 2521 de
1366 2479 1524 2522 Orator.
1545 2483 1620 2522 35:

187 2706 220 2746 ’1)
247 2706 281 2738 Si
305 2707 339 2738 in
364 2717 400 2738 re
422 2707 549 2739 incerta
570 2707 738 2747 judicium
764 2708 849 2739 ferre
872 2708 958 2748 licet,
980 2708 1116 2739 sortasse
1140 2707 1263 2750 Scytha
1288 2718 1356 2740 una
1369 2719 1448 2740 cum
1461 2709 1635 2754 Toxaride,

144 2772 177 2800 et
201 2768 427 2800 Anaeharside
451 2778 469 2798 a
494 2767 641 2799 Luciauo
664 2771 714 2799 est
739 2768 859 2800 editus.
884 2768 909 2799 E
933 2768 1079 2800 secunda
1103 2772 1210 2800 aetate
1235 2769 1330 2800 nobis
1353 2773 1504 2811 superest
1526 2780 1622 2811 prae-

144 2829 223 2861 fatio
250 2828 421 2872 ‚,Zeuxis'',
444 2839 461 2861 e
487 2832 607 2870 quarta
632 2829 844 2872 „Hercules''‚
874 2829 1082 2872 „Dionysus”
1109 2833 1142 2861 et
1166 2830 1305 2862 sortasse
1331 2830 1543 2873 „Dipsades”.
