1934 3334
870 342 950 381 113

227 481 449 524 Difficilem
494 482 779 536 quaestionem
827 493 917 522 esse
960 479 1136 521 libenter
1167 479 1361 532 concedo,
1395 479 1494 533 quia
1522 477 1645 518 Lucii

169 565 522 620 Metamorphoses
565 578 646 606 non
693 565 872 619 amplius
921 567 1170 618 supersunt3
1220 563 1293 605 sed
1339 564 1478 617 priora
1519 561 1648 603 verba

170 648 320 702 Photii⁷
353 650 425 702 qui
458 649 561 689 duas
595 649 853 689 narrationes
884 648 992 688 inter
1022 660 1066 689 se
1097 647 1331 688 simillimas
1362 646 1492 687 fuisse
1523 644 1648 686 tradit

169 735 209 773 et
257 732 307 773 de
352 731 481 773 Lucio
528 731 719 772 Patrensi
766 732 956 785 loquitur
1007 728 1099 783 „mal
1141 730 1189 776 ὡς
1221 727 1267 770 ἄν
1298 745 1356 775 τις
1388 726 1494 779 εἴποι,
1526 727 1647 774 amba

169 812 251 855 ἐστὶ
298 813 531 860 Λουκιανός”
575 827 716 856 nonne
757 814 989 868 prohibent,
1033 814 1261 867 quominus
1303 825 1505 867 magnum
1538 813 1648 853 inter

171 899 275 940 duas
307 898 470 940 fabulas
503 898 726 940 discrimen
759 898 1000 939 interfuisse
1034 898 1286 940 sumamus?

230 981 381 1022 Totum
429 973 558 1036 igitur
602 980 740 1022 Photii
777 981 983 1035 judicium
1021 995 1094 1036 pro
1126 982 1256 1022 nihilo
1287 981 1523 1035 putandum
1557 980 1650 1021 est?

169 1064 266 1106 Non
313 1065 455 1117 cred03
505 1078 603 1105 nam
648 1064 739 1106 fieri
781 1065 929 1119 potuit,
961 1068 1007 1105 ut
1037 1064 1195 1106 Lucius
1229 1064 1442 1105 Patrensis
1474 1065 1519 1104 in
1551 1063 1648 1103 libri

171 1148 290 1189 initio
309 1148 338 1200 1)
380 1149 468 1189 sive
508 1148 603 1188 data
635 1148 863 1201 occasione,
895 1160 969 1202 pro
1002 1149 1112 1189 veris
1145 1160 1188 1189 se
1222 1147 1384 1200 habere,
1418 1159 1524 1200 quae
1556 1159 1650 1186 nar-

172 1234 342 1272 raturus
390 1233 509 1284 esset,
550 1232 638 1272 sive
677 1230 890 1285 professus
932 1232 985 1272 sit
1017 1232 1106 1272 sive
1136 1230 1320 1285 finxerit,
1355 1243 1462 1284 quae
1494 1230 1652 1271 scilicet

173 1314 300 1356 verba
330 1314 542 1355 Lucianus
575 1315 695 1368 quasi
728 1327 828 1356 suae
860 1315 1089 1355 narrationi
1123 1327 1206 1354 non
1233 1314 1469 1355 necessaria
1496 1313 1650 1354 omisit.

226 1397 409 1438 Tandem
441 1397 667 1451 aliquando
695 1397 747 1438 ad
773 1398 907 1451 ipsam
939 1397 1227 1451 quaestionem
1256 1397 1498 1447 veniamus3
1531 1408 1652 1450 prae-

170 1481 340 1522 cedente
388 1482 499 1522 enim
547 1481 826 1535 disputatione
873 1482 1056 1522 Asinum
1103 1481 1275 1522 hilarem
1325 1480 1511 1521 fabulam
1558 1492 1652 1521 esse

172 1566 380 1617 vidimus3
429 1565 607 1619 Apuleio
656 1568 893 1619 comparato
936 1566 1179 1619 scriptorem
1219 1564 1488 1619 neglegenter
1528 1577 1655 1617 argu—

173 1652 360 1691 mentum
407 1662 460 1690 ex
502 1649 581 1690 alio
628 1648 733 1689 libro
780 1649 1038 1703 excerpsisse
1080 1651 1263 1700 constat3
1298 1649 1419 1688 tertio
1451 1647 1541 1688 loco
1576 1660 1654 1701 pro

172 1732 286 1774 fonte
312 1733 434 1774 Asini
465 1732 677 1773 habendas
709 1745 800 1774 esse
832 1733 1107 1786 cognovimus
1134 1731 1254 1773 Lucii
1280 1732 1495 1773 Patrensis
1523 1730 1655 1772 Meta—

173 1817 428 1872 morphoses,
471 1830 652 1871 quarum
686 1817 848 1857 indoles
881 1829 965 1857 non
993 1816 1176 1857 multum
1209 1830 1232 1857 a
1264 1815 1474 1856 Lucianea
1506 1815 1652 1856 fabula

173 1901 440 1943 abhorruisse
481 1901 658 1954 videtur,
700 1900 773 1942 sed
812 1900 967 1954 quibus
998 1900 1174 1941 fortasse
1207 1900 1499 1954 superstitiosa
1531 1911 1652 1953 prae—

174 1986 274 2027 fatio
306 1984 491 2040 praefixa
520 1987 620 2026 erat.

237 2068 353 2119 Quae
384 2082 480 2110 cum
512 2070 571 2110 ita
603 2069 698 2122 sint,
730 2069 808 2109 hoc
839 2069 983 2110 saltem
1017 2081 1219 2123 negemus
1245 2080 1415 2109 necesse
1441 2070 1514 2121 est,
1532 2067 1655 2109 Asini

177 2152 359 2194 fabulam
419 2153 562 2194 eodem
616 2156 799 2207 tempore
845 2166 869 2193 a
913 2151 1098 2193 Luciano
1145 2152 1370 2206 profectam
1418 2164 1520 2204 esse,
1570 2164 1653 2205 quo

177 2237 310 2279 Veras
351 2236 559 2279 Historias
591 2238 768 2291 scripsit,
800 2238 843 2278 in
871 2236 1026 2291 quibus
1059 2237 1227 2278 credula
1259 2236 1385 2277 verba
1416 2249 1501 2276 non
1535 2237 1656 2276 omit—

179 2325 337 2376 tuntur,
370 2321 441 2363 sed
472 2318 672 2373 παράδοξοι
704 2322 748 2362 in
779 2321 1006 2363 ridiculum
1041 2322 1362 2376 detorquentur.

237 2406 296 2447 At
334 2409 451 2461 roget
493 2406 714 2460 quispiam,
750 2419 916 2458 „nonne
947 2406 1107 2447 Asinus
1140 2406 1283 2446 eadem
1314 2404 1491 2446 Luciani
1523 2406 1655 2445 aetate

180 2488 305 2530 scribi
334 2489 480 2543 potuit,
513 2502 596 2543 qua
626 2489 805 2530 eroticae
834 2489 1053 2530 Toxaridis
1085 2488 1249 2530 fabulae
1264 2488 1311 2529 ?”

222 2715 258 2760 1)
293 2717 444 2750 Fortasse
480 2719 602 2751 ultima
634 2718 747 2751 Photii
769 2719 867 2751 verba
892 2719 949 2755 ⁷3ch
972 2714 1012 2759 ἐξ
1027 2717 1184 2755 ἀνθρώπων
1208 2717 1250 2754 εἷς
1274 2716 1434 2754 ἀλλήλους
1460 2721 1534 2760 etc„
1560 2728 1648 2761 quae

177 2787 258 2810 cum
303 2779 419 2820 Apulei
454 2779 656 2820 praefatione
687 2780 892 2821 conspirant,
925 2779 961 2811 in
996 2779 1090 2811 Lucii
1129 2779 1299 2811 Patrensis
1336 2779 1528 2811 fabularum
1557 2780 1655 2811 initio

181 2837 390 2880 legebantur.

1507 2901 1530 2933 8
