1934 3334
1004 336 1058 375 42

361 477 507 532 „Fac’',
554 478 695 531 inquit
741 475 942 529 Kockius,
993 475 1059 528 „in
1107 474 1185 515 hoc
1225 473 1401 514 Luciani
1434 475 1474 514 et
1504 472 1774 527 Alciphronis

296 562 519 604 communi
551 560 666 601 fonte
692 558 951 601 restituendo
980 571 1049 599 me
1068 557 1192 612 paulo
1210 557 1412 598 audacius
1430 557 1575 611 egisse,
1590 559 1776 597 attamen

291 645 360 686 alii
402 645 504 684 mihi
537 646 766 698 suppetunt
798 642 890 695 loci,
924 654 1107 696 quorum
1142 640 1500 682 necessitudinem
1532 652 1663 681 nemo
1692 639 1775 681 for-

289 730 440 770 tuitam
475 729 696 768 nominare
731 725 924 767 audeat.''

350 813 582 868 Diligenter
628 813 758 867 igitur
804 812 1120 864 examinemus,
1169 823 1275 864 quae
1316 808 1503 850 Kockius
1547 820 1777 863 congruere

296 889 531 939 contendit!

354 981 553 1022 Primum
589 979 807 1021 Donatum
842 978 975 1019 adfert
1007 978 1057 1018 ad
1091 977 1272 1018 Terentii
1304 976 1431 1018 verba
1467 989 1568 1031 „ego
1601 977 1775 1018 deorum

292 1067 423 1106 vitam
469 1068 685 1119 eapropter
717 1064 1017 1117 sempiternam
1054 1074 1144 1102 esse
1176 1060 1363 1110 arbitror,
1397 1060 1510 1114 quod
1543 1060 1778 1114 voluptates

297 1162 444 1191 eorum
478 1149 667 1203 propriae
700 1147 826 1189 sunt”
860 1147 986 1201 (Eun.
1023 1147 1058 1186 5.
1079 1147 1115 1186 5.
1137 1147 1176 1199 3)
1211 1145 1485 1186 adnotantem
1523 1145 1655 1197 „hanc
1687 1156 1779 1185 sen·

294 1235 468 1275 tentiam
505 1236 634 1274 totam
670 1232 889 1274 Menandri
923 1231 972 1272 de
1003 1230 1213 1271 Eunucho
1245 1228 1497 1270 transtulit.’'

353 1317 515 1359 Deinde
543 1317 656 1371 apud
685 1316 931 1368 Aristidem,
948 1314 1125 1355 Luciani
1142 1313 1370 1367 aequalem,
1387 1312 1576 1353 Kockius
1593 1312 1777 1352 invenit:

297 1403 361 1443 οὐκ
409 1399 452 1448 ἐξ
497 1399 574 1441 ἴσου
622 1401 674 1441 τοι
720 1398 944 1451 πράγματα
991 1398 1021 1438 οἱ
1070 1397 1140 1438 θεοὶ
1186 1396 1296 1448 σφίσι
1337 1396 1372 1436 τ’
1416 1396 1548 1442 αὐτοῖς
1592 1393 1660 1436 noa)
1703 1399 1779 1442 τοῖς

300 1485 502 1537 ἀνθρώποις
537 1482 704 1534 ἔνειμαν,
738 1483 831 1524 ἀλλ’
864 1480 973 1523 αὐτοὶ
1007 1481 1090 1531 μὲν,
1125 1481 1188 1522 ἅτ’
1218 1479 1320 1527 ὄντες
1348 1479 1542 1531 Maium-ot,
1571 1477 1638 1520 κοιὶ
1669 1477 1778 1531 κύριοι

298 1572 371 1611 τῶν
411 1568 606 1616 ἁπάντων,
650 1566 864 1614 οἷθοινοὶτους
907 1564 973 1607 nx}
1007 1565 1080 1612 τοὶς
1115 1564 1302 1616 εὐτυχίας
1336 1563 1503 1616 ἔχουσιν.
1538 1563 1626 1616 (Ed.
1655 1562 1779 1604 Dind.

299 1653 332 1708 I,
367 1654 475 1706 592).

358 1736 521 1786 Quibus
553 1737 656 1777 locis
688 1737 797 1776 inter
829 1747 872 1775 se
908 1734 1168 1788 comparatis,
1205 1732 1361 1785 „habeo
1394 1730 1535 1772 fures'’
1569 1730 1781 1772 exclamat

299 1821 498 1870 Kockius,
531 1824 571 1861 et
602 1819 883 1860 Menandrum
918 1818 1101 1858 restituit
1133 1818 1176 1857 in
1209 1816 1543 1870 possessionem:

535 1903 600 1944 οὐκ
632 1900 675 1946 ἕὲ
704 1900 784 1942 ἴσου
816 1901 868 1941 τὰ
900 1899 1105 1952 πράγμαθ’
1140 1899 1170 1940 οἱ
1205 1898 1274 1940 θεοὶ
1309 1898 1440 1951 σφίσιν

536 1987 669 2033 αὐτοῖς
701 1985 736 2026 τ’
771 1984 923 2034 ἔνειμαν
956 1982 1023 2025 ua)
1056 1982 1216 2035 βροτοῖς·
1249 1982 1341 2023 ἀλλ’
1375 1981 1520 2024 murima

539 2068 649 2111 αὐτοὶ
682 2069 753 2119 μὲν
785 2067 888 2115 ὄντες
923 2066 1104 2109 damma
1135 2066 1198 2108 καὶ
1232 2066 1342 2119 κύριοι

536 2152 845 2202 οὲποιέοιποέντων,
880 2151 1095 2198 ἀθανάτους
1131 2150 1310 2202 μάλιστα
1342 2149 1410 2191 κοιὶ

537 2238 610 2286 τοὶς
641 2237 776 2285 ἡδονὰς
808 2236 972 2289 ἔχουσιν.

361 2325 510 2366 Statim
559 2327 703 2364 tamen
750 2335 959 2377 opponam
1005 2334 1074 2362 me
1115 2320 1228 2375 apud
1270 2322 1502 2372 utrumque
1535 2318 1782 2372 scriptorem

303 2410 409 2449 nihil
440 2420 669 2449 commune
699 2407 946 2461 repperisse,
978 2406 1058 2446 nisi
1095 2405 1207 2459 quod
1237 2404 1412 2445 deorum
1433 2402 1670 2456 voluptates
1689 2413 1784 2455 pro-

304 2493 418 2548 priae
464 2493 553 2533 sive
598 2489 781 2531 οὶθοὲνοιτοι
827 2493 997 2530 vocatae
1045 2492 1154 2530 sunt.
1199 2487 1429 2528 Menander
1461 2487 1574 2527 enim
1609 2497 1779 2525 causam

305 2577 433 2629 affert,
481 2588 609 2629 quare
651 2575 827 2615 deorum
872 2574 956 2614 vita
1001 2586 1148 2614 revera
1181 2573 1434 2626 sempiterna
1467 2571 1541 2621 sit,
1576 2568 1784 2610 Aristides

305 2672 404 2700 vero
436 2660 627 2712 queritur
651 2658 875 2698 hominum
905 2656 1141 2710 voluptates
1161 2654 1295 2695 multo
1312 2653 1421 2694 infra
1439 2653 1611 2693 deorum
1631 2650 1784 2705 gaudia

307 2756 398 2786 esse
423 2742 682 2796 judicandas.

372 2827 441 2881 At,
476 2827 645 2868 etiamsi
672 2825 903 2867 sententiae
931 2822 1098 2865 eaedem
1128 2824 1278 2875 essent,
1296 2832 1424 2874 quare
1440 2818 1639 2860 Aristidis
1655 2818 1784 2859 homo
