1934 3334
1019 345 1072 383 44

364 483 458 539 Vel,
509 496 616 538 quae
665 482 853 525 Kockius
899 496 921 525 e
964 483 1072 525 Jove
1114 483 1327 525 confutato
1361 484 1381 524 1
1419 483 1490 538 (z
1508 484 1656 540 fragm.
1689 485 1786 538 295)

303 568 506 609 restituit:

539 649 648 697 εὐθὺς
680 648 722 698 ἐξ
753 651 881 703 ἀρχῆς
915 649 1076 692 ἕκαστον
1108 650 1438 702 ἐπικεκλωσμένην
1469 649 1552 703 ἔχει

536 732 604 780 τὴν
639 733 837 784 ἀπόβασιν
857 766 982 777 .....

304 819 371 860 vel
405 832 426 860 e
458 818 672 861 Piscatore
706 820 759 859 35
794 819 957 874 (fragm.
993 820 1113 874 126):

441 887 451 893 ἢ
1319 903 1434 955 ἁρετὴ

535 985 598 1028 καὶ
631 987 674 1028 τὸ
711 987 830 1027 καλὸν
861 986 948 1027 αὔτ’
983 987 1048 1028 οὐκ
1081 982 1148 1028 οἷδ’
1182 985 1262 1028 ἕπει
1293 986 1373 1028 τότ’
1407 985 1556 1038 οἴχεται

536 1068 608 1117 ἔπη
645 1068 833 1122 πτερόεντ’
868 1068 937 1111 ἔνθ’
968 1071 1015 1116 ὡς
1048 1070 1199 1116 άληθῶς
1232 1069 1298 1111 καὶ
1332 1068 1463 1120 μάτην

539 1146 576 1185 ἐν
610 1150 718 1186 ταῖσι
752 1145 972 1197 διατριβαῖς
1007 1145 1352 1200 σκιαμαχούμενα,

366 1229 657 1271 Menandrone
688 1230 754 1271 vel
787 1230 968 1271 Alexide
1001 1230 1127 1284 digna
1159 1229 1234 1270 tibi
1267 1230 1494 1272 videntur?

361 1313 525 1355 Verum
578 1327 662 1354 non
711 1314 851 1354 solum
899 1313 1077 1354 Luciani
1120 1314 1385 1368 aliorumque
1412 1315 1627 1356 rhetorum
1660 1313 1787 1356 verba

301 1398 510 1453 pedestria
557 1398 778 1452 illegitime
824 1400 867 1438 in
917 1399 1130 1439 trimetros
1164 1398 1346 1452 detorsit,
1379 1399 1505 1439 etiam
1538 1398 1786 1455 fragmenta,

303 1496 485 1537 quorum
531 1484 646 1537 origo
691 1496 735 1524 se
778 1483 934 1536 lateret,
967 1486 1040 1524 aut
1071 1483 1234 1536 integra
1265 1486 1337 1523 aut
1367 1483 1588 1536 paululum
1624 1487 1786 1526 mutata

303 1567 476 1607 comicis
524 1567 658 1620 poetis
694 1566 907 1607 vindicare
941 1566 1115 1619 studuit,
1149 1567 1271 1607 cuius
1304 1566 1501 1607 audaciae
1533 1566 1616 1608 duo
1648 1579 1786 1622 neque

304 1663 351 1692 ea
395 1651 565 1705 illepida
613 1651 814 1704 exempla
863 1663 884 1691 e
924 1649 1106 1691 Nauckii
1125 1652 1152 1702 1)
1186 1650 1479 1704 disputatione,
1512 1664 1595 1705 qua
1624 1650 1785 1693 Kookio

311 1733 535 1775 oblocutus
568 1738 640 1787 est,
673 1734 926 1788 protraham.

362 1817 416 1858 In
469 1816 657 1858 Crameri
699 1817 930 1858 Anecdotis
971 1816 1037 1869 (Π.
1069 1817 1165 1858 408.
1185 1818 1256 1869 22)
1286 1818 1441 1871 legitur
1470 1816 1782 1872 fragmentum:

302 1901 377 1950 ἐγὼ
424 1900 499 1953 γαρ
547 1900 617 1947 ἤδη
662 1900 877 1950 σπένδομαι
909 1901 971 1951 χῶ
1003 1900 1125 1952 καιρὸς
1157 1905 1225 1947 τῆς
1258 1900 1414 1949 ἐμ....
1449 1900 1562 1954 quod
1593 1899 1784 1942 Kookius

300 1983 446 2025 fidenti
484 1986 626 2025 auimo
658 1986 701 2025 in
735 1985 970 2038 fragmenta
1001 1985 1167 2039 recepit,
1199 1984 1357 2025 addens
1393 1988 1520 2037 „sunt
1551 1985 1785 2026 tetrametri

301 2068 475 2109 iambici
508 2081 561 2109 ex
594 2069 813 2110 comoedia
845 2068 1070 2123 excerptis

361 2151 618 2206 Nuptiarum
670 2153 781 2193 diem
829 2153 985 2194 festum
1037 2152 1116 2193 sibi
1162 2152 1357 2205 finxerat,
1395 2152 1462 2192 vel
1504 2152 1675 2205 natales,
1717 2152 1783 2193 vel

301 2235 424 2276 ludos
456 2235 647 2289 publicos
680 2236 866 2277 hilariter
898 2250 921 2277 a
956 2236 1138 2290 quodam
1175 2237 1337 2276 comico
1371 2236 1611 2290 descriptos.

360 2318 508 2360 Paullo
537 2323 679 2361 tamen
711 2321 871 2361 maiora
899 2321 1126 2361 canamus!
1154 2320 1250 2361 Non
1276 2319 1517 2373 Menander,
1534 2332 1620 2360 non
1636 2318 1782 2360 Eubu-

301 2402 368 2443 lus
410 2403 476 2443 hic
518 2403 719 2457 loquitur,
753 2404 824 2444 sed
857 2404 998 2458 gravis
1032 2403 1186 2444 Christi
1218 2403 1459 2458 Apostolus.
1491 2402 1602 2443 Nam
1636 2403 1781 2444 evolve

303 2484 474 2525 Novum
524 2485 838 2527 Testamentum
889 2490 929 2527 et
974 2488 1018 2527 in
1060 2487 1232 2541 epistola
1273 2487 1397 2527 Pauli
1427 2487 1478 2527 ad
1509 2486 1778 2527 Timotheum

302 2568 371 2620 (ΙΙ.
418 2570 454 2608 4.
474 2569 513 2619 6)
555 2570 769 2610 invenies:
816 2570 890 2619 ἐγὼ
932 2570 1006 2621 γαρ
1049 2569 1118 2617 ἤδη
1163 2569 1376 2620 σπένδομαι
1408 2567 1475 2610 καὶ
1507 2567 1523 2609 ὃ
1555 2568 1679 2620 καιρὸς
1709 2572 1779 2615 τῆς

300 2651 398 2700 ἐμῆς
429 2651 649 2698 ἀναλύσεως
681 2652 905 2705 ἐφέστηκεν.

346 2839 381 2883 1)
404 2840 480 2873 Mel.
505 2841 706 2883 greco-rom.
732 2842 768 2875 T.
792 2843 847 2881 VI,
870 2843 944 2875 livr.
968 2843 986 2875 1
1016 2841 1144 2885 (1892).
