1934 3334
1013 321 1094 360 112

316 462 529 505 communi
574 459 805 514 Hipparchi
851 462 892 501 et
939 460 1130 514 conjugis
1178 459 1386 500 cubiculo.
1427 459 1596 501 Etenim
1628 460 1664 501 si
1695 461 1799 501 tunc

317 545 518 586 adfuisset
559 543 828 597 Hipparchus
875 543 941 584 vel
976 543 1198 593 dormiens,
1231 544 1304 597 qui
1337 544 1525 596 conjunx
1557 556 1659 585 ausa
1692 546 1802 585 esset

316 629 552 683 praestigiis
586 640 629 669 se
661 628 834 681 magicis
865 627 909 667 in
942 639 1059 668 avem
1095 627 1289 668 mutare?
1323 625 1404 675 Qui
1437 628 1678 681 praesertim
1706 629 1802 681 post

316 712 440 753 herae
472 711 705 752 discessum
738 723 842 750 ausa
872 709 1021 751 fuisset
1047 709 1259 751 Palaestra
1285 711 1327 750 in
1356 710 1435 751 hoc
1461 711 1599 764 ipsum
1628 709 1802 752 cubicu-

316 796 405 836 lum
438 796 605 848 intrare,
638 798 686 835 ut
718 794 816 835 inde
847 794 1049 849 pyxidem
1078 793 1289 836 auferret?
1317 793 1406 835 Nec
1434 793 1631 836 credibile
1657 797 1730 847 est,
1757 794 1803 834 in

315 881 407 934 ipso
440 878 695 933 ‘Hipparchi
751 877 945 919 cubiculo
1003 879 1184 933 magicas
1242 878 1406 919 arculas
1453 880 1493 919 et
1539 877 1732 932 capsulas
1779 890 1804 918 a

320 962 570 1004 muliercula
618 962 769 1003 callida
816 965 856 1003 et
902 962 1098 1016 prudenti
1145 962 1276 1003 fuisse
1322 963 1537 1016 repositas,
1582 963 1717 1003 tutius
1758 962 1803 1002 in

318 1047 485 1101 proprio
542 1058 619 1087 suo
675 1045 863 1086 conclavi
919 1047 1111 1099 suspecta
1159 1046 1260 1086 artis
1307 1044 1475 1086 infamis
1519 1045 1803 1086 instrumenta

319 1129 550 1172 servabat.’'

383 1214 608 1267 „Attamen
640 1211 868 1266 conferas,''
902 1213 962 1254 sic
993 1212 1133 1266 inquit
1159 1211 1391 1266 Biirgerus,
1426 1212 1694 1266 „Apuleium,
1727 1213 1802 1267 qui

317 1297 410 1338 loco
457 1296 726 1350 respondenti
774 1294 864 1349 (III,
907 1295 976 1347 21)
1018 1295 1119 1336 haec
1162 1294 1304 1336 habet:
1354 1297 1550 1350 „Jamque
1581 1295 1690 1336 circa
1721 1295 1804 1349 pri-

319 1393 430 1421 mam
477 1380 611 1420 noctis
653 1379 841 1433 vigiliam
872 1378 923 1419 ad
954 1378 1059 1419 illud
1094 1380 1288 1432 superius
1321 1378 1563 1419 cubiculum
1599 1391 1804 1433 suspenso

320 1467 360 1506 et
399 1465 549 1505 insono
593 1464 770 1517 vestigio
812 1475 878 1503 me
913 1461 1143 1517 perducit.”
1176 1462 1261 1503 Ubi
1292 1462 1478 1503 indicare
1509 1462 1602 1503 vult
1634 1461 1805 1503 cubicu-

319 1549 408 1589 lum
454 1548 594 1602 paullo
642 1550 737 1587 ante
784 1548 831 1599 (c.
876 1547 927 1586 17
972 1550 1012 1587 et
1045 1546 1111 1598 18)
1145 1549 1337 1587 accurate
1368 1545 1419 1587 ab
1451 1559 1498 1587 eo
1532 1546 1799 1600 descriptum,

322 1632 434 1686 quod
479 1631 663 1672 maxime
704 1629 864 1671 artibus
907 1631 996 1671 suis
1029 1630 1200 1684 magicis
1233 1629 1542 1670 commodatum
1574 1627 1806 1683 Hipparchi

322 1729 431 1758 uxor
478 1718 635 1757 secreto
678 1714 848 1755 colebat.
890 1713 955 1754 En
987 1717 1192 1766 tenemus,
1225 1713 1338 1767 quod
1370 1714 1548 1767 requirit
1580 1712 1804 1754 Boissona-

322 1800 429 1854 dius,
460 1803 586 1854 atque
619 1799 739 1840 valde
770 1798 997 1839 verisimile
1024 1801 1086 1839 est
1112 1797 1353 1852 Apuleium,
1381 1809 1477 1838 cum
1510 1800 1646 1838 cetera
1662 1797 1803 1838 omnia

321 1896 343 1925 0
390 1882 520 1924 Lucio
549 1883 753 1937 petiverit,
785 1894 837 1923 ne
869 1882 948 1922 hoc
979 1881 1149 1936 quidem
1183 1882 1321 1935 ipsum
1353 1881 1578 1934 invenisse,
1612 1879 1797 1922 Graecus

323 1970 461 2008 autem
510 1970 741 2021 excerptor,
788 1979 883 2007 cum
931 1967 1367 2007 commemorationem
1409 1969 1449 2007 et
1481 1966 1802 2020 descriptionem

322 2050 437 2091 illius
469 2049 654 2091 cubiculi
685 2051 863 2104 priorem
898 2062 982 2090 una
1013 2062 1107 2090 cum
1140 2048 1295 2090 fabulis
1323 2048 1668 2103 praecedentibus
1696 2061 1806 2090 rese-

324 2135 491 2188 cuisset,
524 2134 745 2188 sequentia
777 2136 939 2174 mutare
971 2136 1141 2174 coactus
1174 2131 1300 2174 erat.'’

383 2217 522 2258 Photii
564 2218 694 2271 igitur
734 2216 827 2271 fide,
868 2217 981 2271 quod
1013 2216 1065 2257 ad
1096 2215 1348 2270 excerpendi
1379 2216 1579 2257 rationem
1613 2216 1806 2270 pertinet,

325 2300 508 2355 probata,
556 2301 658 2355 quid
704 2301 754 2342 de
799 2299 919 2342 Lucii
961 2300 1174 2342 Patrensis
1206 2300 1503 2354 superstitione
1535 2299 1804 2342 statuendum

327 2384 391 2437 sit,
423 2384 700 2438 inquiramus.

387 2468 519 2508 Asino
560 2467 769 2509 Lucianeo
817 2468 1155 2522 superstitionem
1188 2467 1392 2508 deridenti
1424 2467 1602 2509 Photius
1630 2469 1800 2523 opponit

328 2550 448 2592 Lucii
496 2551 709 2593 Patrensis
750 2551 1107 2606 Metamorphoses
1147 2551 1397 2606 prodigiosis
1429 2555 1633 2594 scatentes
1665 2565 1807 2593 narra-

329 2634 527 2688 tionibus,
560 2634 714 2689 quibus
744 2636 886 2689 ipsum
917 2634 1097 2675 Lucium
1131 2635 1359 2676 credidisse
1390 2634 1502 2675 dicit.

349 2760 352 2762 ,
386 2718 513 2760 Recte
559 2719 609 2761 de
654 2719 804 2760 harum
849 2719 1088 2760 fabularum
1118 2718 1258 2759 indole
1289 2717 1466 2759 Photius
1489 2717 1708 2773 judicavit,
1740 2730 1806 2772 an,

328 2802 439 2845 sicut
470 2803 513 2843 in
543 2803 667 2844 Asini
698 2786 847 2845 natura
877 2802 1197 2858 interpretanda,
1229 2802 1296 2843 hic
1329 2815 1498 2857 quoque
1534 2802 1678 2858 lapsus
1710 2801 1805 2844 est?
