1934 3334
882 326 932 364 81

159 450 200 489 in
245 448 431 503 Dialogis
477 449 735 497 Meretriciis,
775 447 965 500 Timone,
1002 445 1184 501 Dialogis
1216 445 1406 487 Deorum
1444 449 1484 487 et
1518 446 1623 487 Mari

159 545 325 584 norum,
368 533 568 585 Parasito,
604 532 801 573 Vitarum
838 532 1047 572 Auctione
1081 530 1277 571 Comicos
1310 543 1401 571 esse
1435 534 1642 583 secutum,

159 616 235 656 hac
265 617 523 670 paragrapho
556 616 864 656 demonstrasse
906 615 1009 654 mihi
1043 614 1194 654 videor.

216 780 252 820 6.
288 777 349 819 De
380 778 563 832 dialoyis,
596 778 638 819 in
667 778 812 833 quibus
837 777 996 831 placita
1030 777 1252 828 Menippea
1283 790 1446 818 cernere
1479 777 1576 820 licet.

221 919 318 959 Jam
363 931 485 972 saepe
525 920 566 958 in
607 919 685 958 hoc
727 919 862 971 capite
896 917 1143 971 Menippum
1180 917 1388 969 Cynicum
1426 918 1645 958 nominavi

165 1005 205 1043 et
238 1006 383 1042 utrum
416 1001 630 1042 Lucianus
662 1015 988 1054 nonnumquam
1026 1001 1148 1041 illum
1179 1002 1391 1042 satiricum
1427 1015 1479 1041 an
1508 1001 1646 1041 Comi-

167 1097 237 1125 cos
279 1085 470 1125 imitatus
512 1084 649 1136 fuerit,
683 1083 849 1124 difficile
882 1083 1102 1136 dijudicari
1135 1096 1256 1136 posse
1290 1084 1413 1124 modo
1447 1084 1647 1124 vidimus.

166 1170 409 1222 Antequam
438 1169 566 1222 igitur
598 1167 849 1221 disputando
884 1179 1024 1220 pergo,
1056 1179 1187 1219 pauca
1221 1166 1270 1207 de
1299 1168 1381 1207 vita
1411 1179 1458 1207 ac
1478 1167 1644 1220 scriptis

168 1251 403 1305 Menippil)
438 1263 606 1291 narrare
639 1251 740 1289 mihi
773 1251 1058 1291 necessarium
1095 1250 1272 1290 videtur.

227 1333 451 1387 Menippus
494 1334 537 1372 in
580 1333 684 1373 urbe
726 1332 988 1373 Palaestinae
1026 1333 1201 1373 Gadaris
1234 1337 1370 1385 natus,
1403 1335 1512 1374 vixit
1543 1335 1652 1374 circa

169 1431 328 1458 annum
366 1418 447 1457 300
481 1430 617 1471 usque
650 1418 700 1458 ad
734 1418 816 1457 240
851 1431 883 1457 a.
919 1417 989 1457 Ch.
1024 1431 1062 1457 n.
1095 1417 1290 1458 Primum
1328 1430 1475 1459 servus
1502 1418 1583 1458 fuit
1609 1419 1651 1458 in

171 1500 318 1553 Ponto,
350 1501 501 1541 deinde
532 1502 574 1540 in
609 1500 780 1541 Graecia
815 1500 1048 1542 libertatem
1084 1502 1260 1555 adeptus
1294 1501 1436 1542 fenore
1462 1502 1653 1542 faciendo

174 1585 387 1624 maximas
429 1583 507 1624 sibi
539 1584 706 1625 divitias
740 1585 1008 1638 comparavit,
1044 1585 1213 1625 tandem
1252 1597 1383 1625 senex
1416 1585 1541 1625 rebus
1576 1585 1653 1625 hu-

174 1668 312 1707 manis
361 1667 598 1720 studiisque
640 1668 863 1708 hominum
899 1668 1104 1721 despectis
1138 1680 1283 1708 necem
1322 1667 1401 1708 sibi
1434 1669 1522 1721 ipse
1556 1680 1652 1708 con—

173 1751 305 1790 scivit.
350 1750 603 1802 Cynicorum
640 1752 871 1791 doctrinam
908 1751 1134 1805 professus,
1167 1753 1305 1792 varios
1338 1749 1649 1800 σπουδογελοίους

173 1833 302 1873 libros
348 1835 390 1873 iu
437 1833 733 1874 celeberrimos
782 1834 1064 1888 philosophos,
1107 1835 1149 1874 in
1194 1835 1292 1875 deos
1326 1847 1372 1874 ac
1406 1834 1647 1887 aequalium

174 1917 420 1971 religionem
464 1918 721 1971 popularem,
765 1921 976 1971 postremo
1015 1919 1056 1958 in
1092 1918 1335 1958 divitiarum
1371 1922 1497 1971 atque
1528 1918 1657 1958 hono-

176 2015 270 2041 rum
311 2001 450 2041 studia
481 2002 740 2054 conscripsit.
773 2000 888 2049 Quae
919 2005 1087 2055 propter
1120 2014 1243 2055 opera
1276 2003 1440 2055 primus
1478 2002 1655 2042 Graeco-

180 2099 274 2125 rum
311 2086 504 2125 satiricus
537 2085 771 2138 appellatus
805 2088 876 2125 est.

236 2168 350 2209 Inter
391 2169 493 2208 alios
527 2169 771 2221 praesertim
804 2167 1039 2208 Varronem
1081 2171 1120 2208 et
1154 2167 1387 2208 Luciauum
1424 2169 1655 2209 imitatores

180 2257 430 2293 consecutus
463 2256 536 2304 est,
570 2265 749 2305 quorum
789 2252 901 2304 prior
928 2251 996 2291 ille
1023 2264 1100 2291 sua
1129 2264 1264 2304 opera,
1294 2250 1344 2290 ab
1372 2251 1463 2291 aliis
1482 2250 1658 2303 Cynicas

181 2336 336 2378 satiras
368 2338 619 2388 nominatas,
650 2338 739 2389 ipse
775 2334 1070 2388 „Menippeas”
1103 2335 1210 2375 dixit
1241 2334 1417 2385 (Gellius
1444 2335 1496 2375 II.
1524 2336 1587 2375 18.
1609 2336 1661 2387 7),

181 2421 248 2460 hic
280 2421 322 2459 in
355 2419 428 2460 Bis
461 2420 671 2460 Accusato
706 2420 790 2470 (33)
824 2422 864 2459 et
895 2420 938 2458 in
972 2418 1184 2459 Piscatore
1217 2418 1301 2469 (26)
1335 2431 1378 2458 se
1411 2417 1656 2472 Menippum

182 2505 226 2544 in
271 2503 408 2544 forma
452 2503 649 2544 litteraria
693 2506 732 2543 et
774 2503 818 2542 in
847 2503 953 2555 jocis
987 2506 1132 2542 contra
1164 2503 1362 2555 antiquos
1395 2501 1662 2556 philosophos

184 2590 377 2628 secutum
412 2599 502 2627 esse
533 2586 699 2627 fatetur.

230 2822 265 2865 ’1)
290 2823 348 2855 cfr.
375 2823 571 2855 Wildenow.
598 2822 644 2854 De
671 2822 824 2863 Menippo
849 2821 983 2864 Cynico.
1012 2822 1105 2854 Halle
1129 2820 1226 2854 1881.
