1934 3334
855 307 876 320 p,

861 319 871 346 ί

134 445 334 500 Dialogos
375 444 630 486 Meretricios
670 445 721 485 ad
762 445 1002 499 exemplum
1043 445 1187 487 Novae
1219 431 1463 488 Comoediae
1495 460 1604 488 com-

135 541 298 584 ponens
328 529 486 583 lepidas
513 532 675 570 tantum
703 530 907 583 imagines
935 531 1211 584 appetivisset,
1229 530 1607 572 Sommerbrodtius

131 615 191 654 ita
233 613 282 654 de
322 614 374 654 iis
415 613 582 654 locutus
624 615 707 654 est:
754 612 861 665 „Zur
899 612 1154 667 Erganzung
1187 613 1321 655 dieses
1354 614 1496 655 Bildes
1529 614 1601 655 des

133 697 342 738 sittlichen
399 696 581 737 Verfalls
638 697 675 748 (i.
707 709 738 736 e.
788 696 918 737 seculi
965 697 1294 747 Antoninorum)
1339 697 1490 738 dienen
1536 697 1602 738 die

133 778 631 833 Hetaerengespraeche.”
665 778 752 831 (Ed.
784 778 961 819 Weidm.
996 778 1126 820 Praef.
1160 793 1196 833 p.
1225 779 1383 830 XXX).

192 862 259 902 Ex
311 862 453 903 eodem
501 863 613 914 vitio,
662 861 774 915 quod
815 873 964 915 nempe
1013 862 1212 916 philologi
1256 864 1370 903 varia
1413 851 1601 919 tempora

132 946 389 1000 distinguere
430 956 514 985 non
553 944 763 997 curabant,
796 944 918 984 etiam
953 944 1058 984 alius
1092 957 1206 985 error
1237 949 1361 986 natus
1393 948 1475 994 θεῖς
1507 945 1598 999 plu-

129 1030 226 1070 rimi
259 1029 336 1068 viri
369 1028 489 1081 docti,
521 1041 616 1069 cum
645 1028 855 1081 quoddam
883 1042 987 1083 opus
1017 1030 1207 1070 satiricae
1235 1027 1410 1069 Luciani
1426 1032 1599 1071 naturae

130 1124 215 1152 non
271 1111 549 1165 responderet,
607 1112 716 1151 inter
769 1113 910 1166 spuria
957 1113 1062 1153 illud
1108 1113 1350 1165 rejecerunt.
1399 1111 1593 1167 Exempli

129 1196 273 1250 gratia,
321 1195 371 1236 de
418 1195 559 1236 eadem
608 1194 846 1237 Saltationis
887 1196 1137 1249 laudatione,
1182 1208 1288 1249 quae
1325 1195 1597 1250 Hertzbergio

131 1281 255 1321 satira
302 1292 392 1320 esse
438 1279 668 1333 videbatur,
713 1293 749 1319 v.
783 1280 818 1320 d.
868 1279 1097 1320 Schulzeus
1114 1278 1145 1333 1)
1183 1279 1350 1321 locutus
1393 1283 1476 1320 est:
1514 1279 1596 1332 „Es

129 1364 229 1418 liegt
259 1363 334 1404 auf
361 1364 433 1404 der
463 1362 599 1415 Hand,
633 1363 727 1404 dass
760 1376 804 1403 so
832 1364 1023 1404 seltsame
1050 1363 1280 1404 Ansichten
1307 1364 1364 1403 im
1386 1363 1497 1404 Tone
1525 1363 1597 1404 der

130 1447 464 1501 Ueberzeugung
505 1450 789 1500 vorgetragen,
832 1446 925 1487 (lem
957 1460 1039 1486 von
1072 1446 1098 1487 J
1103 1445 1241 1500 ugend
1272 1446 1347 1486 auf
1374 1447 1449 1487 mit
1481 1446 1596 1487 Grie-

130 1530 317 1571 chischer
358 1529 585 1571 Litteratur
626 1529 924 1584 beschaftigten
968 1531 1249 1585 aufgeklarten
1293 1530 1449 1571 Lucian
1482 1531 1597 1572 nicht

128 1614 172 1653 in
220 1614 299 1654 den
347 1613 479 1653 Mund
520 1614 655 1667 gelegt
696 1614 862 1654 werden
904 1614 1111 1667 konnen,’⁷
1143 1618 1184 1655 et
1216 1627 1321 1668 opus
1355 1628 1377 1655 a
1407 1613 1592 1655 Luciano

129 1697 393 1750 abjudicavit.
436 1697 639 1737 Introitus
683 1697 837 1751 dialogi
867 1697 1031 1751 Nigrini
1065 1698 1115 1738 ad
1147 1699 1353 1737 comicum
1387 1698 1595 1751 quoddam

129 1781 368 1835 exemplum
411 1781 786 1822 vehementissimis
819 1780 955 1821 verbis
989 1782 1243 1835 compositus
1274 1780 1457 1834 Rankeo,
1488 1780 1596 1821 Bek-

127 1863 226 1904 kero
264 1867 302 1905 et
334 1864 478 1904 multis
511 1864 602 1904 aliis
621 1864 650 1915 2)
683 1877 706 1903 a
736 1862 912 1904 Luciani
944 1865 1110 1904 satirica
1140 1863 1280 1904 indole
1311 1864 1472 1904 alienus
1505 1876 1595 1905 esse

127 1946 357 1999 videbatur,
390 1950 428 1988 et
457 1948 554 2000 quia
580 1947 694 1987 illam
723 1947 921 1987 comicam
947 1947 1148 2000 originem
1175 1959 1258 1987 non
1275 1945 1593 2001 perspiciebant,

128 2029 337 2083 dialogum
369 2033 523 2070 temere
554 2031 661 2070 inter
695 2031 837 2084 spuria
867 2030 1166 2084 relegaverunt.

183 2111 377 2166 Denique
412 2114 657 2154 vetustiores
689 2114 942 2166 praesertim,
974 2113 1047 2153 sed
1079 2117 1118 2153 et
1148 2113 1397 2154 recentiores
1423 2113 1466 2152 in
1486 2125 1532 2153 ea
1548 2124 1592 2153 re

126 2195 231 2249 lapsi
263 2200 372 2245 sunt,
400 2197 511 2250 quod
539 2209 711 2249 semper,
739 2209 845 2249 quae
862 2197 972 2250 apud
990 2196 1220 2237 Lucianum
1234 2196 1391 2249 judicia
1407 2197 1592 2237 invenie-

126 2276 236 2331 bant,
279 2291 332 2319 ex
378 2279 524 2319 intimo
574 2279 784 2332 scriptoris
831 2279 954 2320 corde
999 2278 1251 2333 profluxisse
1301 2279 1590 2333 opinabantur.

169 2545 203 2582 1)
230 2546 295 2578 Cfr.
322 2548 429 2588 Fleck,
455 2548 567 2579 Jahrb.
592 2547 666 2587 143,
691 2559 720 2589 p.
745 2546 821 2581 823.

168 2606 202 2647 2)
233 2609 430 2650 Bernaysius
453 2609 492 2640 de
517 2609 647 2650 Nigrini
671 2609 798 2651 origine
823 2609 963 2641 dubitat.
988 2609 1082 2650 (Luc.
1107 2620 1139 2641 u.
1163 2610 1215 2641 die
1238 2609 1325 2652 Kyn.
1349 2620 1380 2651 p.
1403 2608 1471 2649 89).

170 2669 205 2700 P.
241 2668 274 2700 C.
312 2669 506 2711 Margadant
541 2669 591 2708 (de
628 2669 706 2701 Luc.
741 2679 812 2710 aeq.
845 2679 932 2701 cens.
972 2680 1002 2710 p.
1035 2669 1105 2711 71):
1134 2669 1266 2712 „Quare
1289 2674 1348 2701 aut
1372 2670 1588 2711 indignemur

123 2740 255 2762 necesse
288 2734 347 2770 est,
383 2731 462 2771 quia
495 2731 599 2761 bonus
622 2730 815 2762 dormitavit
839 2731 1014 2771 Homerus,
1037 2734 1096 2762 aut
1120 2730 1300 2772 Nigrinum
1324 2731 1364 2762 ab
1388 2731 1497 2763 nescio
1520 2740 1587 2772 quo

124 2791 302 2822 verborum
327 2794 529 2823 ostentatore
551 2792 778 2832 conscriptum
801 2801 872 2823 esse
895 2790 1117 2823 statuamus.'‘
