1934 3334
897 337 951 376 89

184 478 362 518 nendam
415 478 481 529 (8),
529 473 751 527 φιλοδόξους
797 476 882 527 (10)
929 479 968 517 et
1016 473 1295 526 φιλοπλούτους
1339 476 1423 527 (11)
1471 476 1658 516 insaniae

185 561 443 602 accusandos
477 573 567 601 esse
594 561 765 600 invenit.
795 559 1089 613 Sepulcrorum
1121 559 1499 599 deindeluxuriem
1519 571 1661 612 asper-

181 647 304 684 natus
352 643 401 683 ad
449 643 602 683 inferos
646 643 780 683 redire
824 644 950 696 cupit,
985 643 1082 695 quia
1118 642 1311 682 mortales
1344 641 1484 682 omnia
1519 641 1659 681 animo

183 739 325 767 secum
358 726 547 777 volvunt,
579 725 657 776 περὶ
694 724 861 776 Χάρωνος
894 725 927 766 δ’
961 724 1080 771 οὐδεὶς
1112 724 1224 774 λόγος
1257 724 1371 765 ἐστίν.

243 809 311 850 Vl.
359 809 407 849 In
455 809 640 861 Naviyz'o,
689 809 760 849 ubi
803 811 939 862 priore
972 803 1135 863 ‘dialogi
1178 813 1293 862 parte
1325 810 1445 849 navis
1474 809 1662 849 oneraria

185 897 224 934 et
257 893 392 934 Piraei
425 894 622 933 nauticus
656 894 854 946 strepitus
888 893 996 933 vivis
1024 892 1232 932 coloribus
1260 892 1558 946 depinguntur,
1576 895 1662 932 tres

183 978 306 1018 amici
352 977 606 1018 Adimantus
656 977 874 1030 (lo—28),
922 976 1145 1030 Samippus
1191 977 1406 1027 (28—41),
1447 975 1663 1015 Timolaus

185 1061 386 1112 (41-45)
434 1073 597 1113 semper
646 1060 758 1113 quod
807 1059 934 1112 abest,
981 1064 1116 1112 avent,
1165 1060 1398 1113 praesentia
1442 1062 1661 1107 temnunt3

186 1142 375 1184 Lucinus
406 1147 559 1196 autem,
592 1145 664 1197 qui
695 1144 965 1184 familiarium
998 1143 1244 1197 cupiditates
1273 1144 1415 1196 jocose
1442 1143 1666 1197 vituperat,

186 1228 326 1279 cynici
359 1231 498 1281 partes
530 1227 626 1281 agit.

245 1311 354 1361 Quid
403 1325 500 1353 vero
544 1312 594 1353 de
638 1313 798 1365 origine
840 1310 1045 1352 Charonis
1089 1314 1127 1351 et
1158 1310 1338 1364 Navigii,
1373 1309 1443 1351 ubi
1477 1310 1665 1350 doctrina

189 1394 346 1447 Cynica
405 1408 538 1449 aeque
593 1408 639 1435 ac
691 1396 735 1434 in
780 1394 1125 1448 praecedentibus
1172 1393 1288 1434 libris
1335 1392 1664 1444 commendatur,

188 1479 439 1520 concludere
471 1478 599 1519 licet?

245 1562 436 1603 Fortasse
480 1562 643 1602 Charon
676 1562 725 1602 ad
761 1562 971 1615 quoddam
1005 1560 1192 1614 Menippi
1224 1560 1463 1614 exemplum
1498 1573 1665 1613 compo-

189 1647 296 1687 situs
346 1649 420 1700 est,
470 1647 541 1699 qui
585 1649 668 1686 tam
713 1658 835 1699 saepe
874 1644 1037 1685 fabulas
1080 1658 1102 1684 a
1135 1644 1223 1684 deis
1256 1643 1400 1684 inferis
1434 1644 1500 1697 agi
1532 1643 1668 1696 finxit,

190 1729 261 1770 sed
296 1731 396 1783 quia
428 1730 679 1770 documenta
712 1730 875 1781 desunt,
908 1729 1021 1769 litem
1057 1728 1249 1768 dirimere
1281 1741 1364 1767 non
1385 1727 1527 1767 audeo.
1548 1726 1669 1775 Quod

188 1826 286 1854 vero
329 1814 379 1854 ad
421 1813 650 1867 Navigium
695 1814 883 1867 pertinet,
928 1812 1065 1853 Piraei
1105 1812 1326 1865 descriptio
1359 1814 1483 1864 atque
1515 1811 1669 1864 dialogi

189 1897 303 1937 color
334 1900 496 1937 tantum
530 1911 552 1937 a
584 1896 931 1950 praecedentibus
965 1896 1213 1949 discrepant,
1245 1898 1292 1935 ut
1323 1909 1346 1935 a
1373 1893 1559 1935 Luciano
1578 1895 1668 1948 ipso

194 1981 476 2034 excogitatum
513 1993 604 2021 esse
637 1981 737 2020 mihi
772 1980 997 2020 verisimile
1031 1979 1233 2019 videatur.

247 2063 422 2105 Ratione
462 2065 591 2118 igitur
632 2064 850 2116 subducta,
894 2063 1078 2115 Cronica,
1110 2063 1351 2116 Menippum
1388 2063 1476 2103 sive
1508 2061 1670 2114 Necyo-

191 2148 403 2199 mantiam,
437 2147 622 2201 dialogos
654 2147 930 2198 Mortuorum,
965 2146 1274 2187 Hermotimum
1305 2159 1326 2186 e
1355 2147 1493 2186 satiris
1510 2145 1669 2199 Menip-

190 2232 278 2283 peis
327 2231 527 2284 originem
573 2232 753 2270 traxisse
803 2230 946 2280 cred03
993 2229 1140 2269 Jovem
1182 2233 1318 2269 tamen
1354 2228 1672 2277 Confutatum1)

191 2314 331 2366 (simul
378 2326 471 2354 curn
517 2313 700 2354 Deorum
747 2313 955 2354 Concione
998 2327 1021 2353 a
1064 2326 1128 2353 me
1160 2316 1408 2364 tractatum),
1441 2312 1669 2352 Charonem

192 2401 231 2437 et
277 2396 516 2451 Navigium,
564 2398 660 2438 licet
703 2397 957 2449 Cynicorum
1006 2397 1234 2437 doctrinam
1280 2397 1450 2450 spirent,
1483 2396 1533 2436 ad
1565 2397 1673 2449 ejus-

193 2481 285 2521 dem
335 2482 486 2521 satirici
538 2481 779 2534 exemplum
829 2482 1081 2534 compositos
1127 2493 1216 2521 esse
1261 2493 1343 2520 non
1378 2480 1559 2534 amplius
1593 2484 1674 2521 sta-

194 2569 309 2606 tuere
340 2565 448 2605 licet.

244 2823 280 2865 1>
307 2824 364 2856 cfr.
390 2835 418 2866 p.
445 2824 486 2855 79
510 2835 603 2856 meac
627 2825 704 2857 diss.
