1934 3334
1018 343 1099 383 128

301 485 443 525 voluit.
489 483 595 525 Nam
645 497 742 524 cum
774 484 818 524 in
851 483 924 524 Bis
958 483 1169 525 Accusato
1203 483 1444 526 Lucianum
1479 487 1681 539 Juvenem
1714 497 1788 540 per

308 568 527 609 Graeciam
573 567 693 608 Ionio
742 568 840 608 sinu
887 568 1058 619 traiecto
1105 568 1148 607 in
1198 567 1364 608 Italiam
1413 568 1649 623 profectum
1698 581 1789 610 esse

305 651 485 706 legisset,
529 651 636 692 hanc
679 651 1057 705 peregrinationem
1094 651 1249 692 multis
1282 651 1606 694 excursionibus
1638 652 1790 694 additis

308 735 361 776 ad
407 735 657 776 rhetoricam
706 735 869 776 itineris
916 734 1239 789 descriptionem
1283 736 1342 776 ita
1388 737 1620 790 exornavit,
1668 737 1791 791 quasi

307 817 521 860 Lucianus
564 823 610 859 ut
641 819 769 859 homo
804 818 1153 873 opulentissimus
1182 819 1409 873 voluptatis
1443 833 1571 861 causa
1602 820 1680 861 hoc
1711 821 1791 862 iter

307 886 484 944 fecisset.
516 901 687 943 Insulae
720 901 880 943 Cnidus
910 904 950 943 et
980 900 1155 942 Rhodus
1189 915 1212 942 a
1243 901 1403 943 Lucino
1437 903 1525 957 (qui
1550 903 1787 958 primarum

309 990 371 1028 est
412 986 538 1038 actor)
581 986 817 1027 lustrantur
850 988 889 1026 et
922 985 972 1026 de
1005 985 1282 1026 nobilissimis
1317 986 1416 1027 deae
1447 986 1626 1028 Veneris
1658 987 1790 1041 signis

310 1073 351 1112 et
396 1070 563 1125 templis
596 1070 756 1124 amplae
788 1068 1006 1123 ἐκφράσεις,
1038 1070 1162 1111 cuius
1194 1070 1296 1110 artis
1329 1070 1514 1111 rhetores
1546 1070 1790 1124 peritissimi

309 1157 439 1208 erant,
476 1154 596 1195 nobis
629 1154 872 1195 offeruntur.
906 1152 1042 1193 Etiam
1076 1153 1272 1194 eroticam
1305 1151 1491 1193 fabulam
1525 1152 1575 1194 de
1608 1152 1790 1207 quodam

309 1237 457 1279 Cnidio
484 1239 653 1292 juvene,
687 1238 761 1292 qui
792 1250 888 1278 cum
920 1237 1085 1278 Venere
1117 1249 1350 1278 marmorea
1376 1250 1463 1279 rem
1496 1236 1791 1287 habuit,aLu-

309 1324 430 1363 ciano
477 1324 520 1363 in
567 1321 829 1376 Imaginibus
876 1323 930 1375 (4)
979 1320 1112 1362 obiter
1158 1324 1538 1375 commemoratam,
1581 1322 1788 1363 Amorum

311 1407 486 1460 scriptor
519 1406 654 1460 ample
686 1407 882 1446 narravit.

363 1489 416 1530 Π.
460 1488 621 1531 Deinde
663 1492 853 1544 superest
895 1487 1096 1543 Halcyon,
1141 1489 1213 1542 qui
1263 1488 1368 1529 liber
1410 1490 1579 1542 propter
1609 1487 1786 1529 formam

306 1573 460 1628 dialogi
507 1573 559 1614 ad
595 1573 823 1614 secundam
857 1572 1035 1613 Luciani
1067 1575 1244 1613 aetatem
1276 1571 1520 1613 referendus
1554 1575 1674 1624 esset,
1706 1572 1790 1613 nisi

308 1657 435 1699 verba
477 1657 647 1698 credula
684 1655 793 1703 κλέος
825 1656 863 1697 δὲ
897 1655 1036 1706 μύθων,
1070 1651 1138 1696 οἷον
1170 1654 1385 1705 παρέδοσαν
1417 1654 1595 1709 πατέρες,
1627 1658 1790 1697 τοιοῦτον

307 1739 374 1782 καὶ
423 1739 556 1782 mucha
603 1741 707 1791 ἐμοῖς
755 1740 969 1792 ποιρκδώσω
1018 1742 1072 1793 (8)
1121 1740 1343 1794 efficerent,
1392 1743 1438 1781 ut
1484 1753 1719 1794 numquam
1768 1753 1792 1780 a

307 1825 494 1867 Luciano
528 1827 694 1867 satirico
729 1825 855 1866 scribi
887 1825 1085 1879 potuerit.

367 1909 443 1949 ΠΙ.
490 1909 540 1950 In
586 1909 759 1962 Nerone,
805 1908 878 1949 ubi
924 1908 1148 1949 Musonius
1196 1907 1470 1962 philosophus
1512 1920 1609 1948 cum
1657 1907 1790 1948 amico

310 1993 491 2047 quodam
535 1993 744 2034 disserens
787 1982 1016 2044 inducitur,
1054 1992 1258 2033 sermonis
1293 1991 1406 2032 color
1437 2004 1523 2032 non
1556 1990 1792 2032 Lucianeus

309 2077 488 2129 videtur,
522 2090 605 2131 quo
639 2076 809 2129 accedit,
840 2079 886 2117 ut
912 2089 1005 2116 raro
1034 2075 1248 2117 Lucianus
1266 2076 1481 2116 historiam
1500 2074 1787 2116 Romanorum

310 2161 503 2215 attigerit.
551 2160 769 2213 Kayserus
786 2162 814 2212 1)
858 2160 1069 2214 dialogum
1111 2159 1254 2200 Flavio
1293 2159 1545 2200 Philostrato
1577 2158 1790 2213 vindicare

312 2248 487 2285 conatus
520 2249 595 2285 est.

368 2328 441 2368 IV.
498 2326 783 2369 Demosthenis
833 2326 1077 2368 Eneomium
1117 2329 1203 2381 jam
1253 2327 1519 2380 Byzantinus
1568 2327 1790 2369 scholiasta

309 2415 419 2453 recte
466 2424 531 2452 me
572 2412 715 2465 judice
760 2412 803 2451 in
847 2411 1023 2452 dubium
1071 2412 1252 2464 vocavit,
1298 2412 1398 2465 quia
1439 2424 1461 2451 a
1493 2410 1668 2451 Luciani
1701 2413 1788 2452 arte

310 2495 508 2535 narrandi
535 2508 706 2549 prorsus
734 2494 937 2536 abhorret.
966 2490 1085 2548 (οὗτος
1114 2494 1130 2534 0‘
1158 2494 1271 2544 λόγος
1298 2494 1396 2535 ἐνδεῖ
1407 2497 1476 2541 τῆς
1494 2497 1559 2535 τοῦ
1578 2496 1788 2535 Λουκιανοῦ

311 2576 413 2624 ἰδέαις
444 2576 512 2618 καὶ
545 2578 786 2633 ἀγχινοίας).

370 2663 420 2703 V.
465 2662 755 2705 Charidemum
795 2666 1017 2718 tamquam
1054 2663 1259 2719 puerilem
1305 2663 1660 2705 declamationem
1694 2662 1790 2704 Ges-

357 2850 393 2892 1)
418 2851 484 2884 Cfr.
510 2852 645 2894 Kayser.
669 2852 775 2885 Praei:
799 2853 839 2885 ad
865 2853 954 2886 Flav.
980 2853 1066 2885 Phil.
1091 2863 1122 2895 p.
1144 2851 1199 2886 33.
