1934 3334
508 1058 789 1107 CAPUT
839 1059 1251 1108 TERTIUM.

185 1461 250 1495 DE
285 1462 524 1496 DIALOGIS
559 1462 757 1496 OOMIOIS
794 1463 853 1496 ΕΤ
890 1463 1151 1511 SATIRICIS,
1189 1464 1242 1497 IN
1279 1463 1461 1503 QUIBUS
1499 1464 1567 1511 DI,

382 1543 699 1593 PHILOSOPHI,
736 1544 976 1578 HOMINUM
1011 1545 1154 1578 VANA
1191 1545 1374 1579 STUDIA

716 1625 1035 1660 OARPUNTUR.

423 1770 459 1813 1.
492 1769 557 1812 De
585 1771 770 1811 virorum
800 1771 1005 1812 doctorum
1034 1770 1328 1825 discrepantia.

198 1910 450 1965 Magnopere
491 1922 646 1963 vereor,
681 1911 739 1950 mi
770 1910 910 1963 lector,
942 1923 995 1951 ne
1027 1923 1093 1951 me
1126 1913 1368 1964 arroganter
1399 1913 1440 1951 et
1470 1911 1616 1951 incon-

140 1994 317 2036 siderate
359 1995 493 2047 egisse
534 1997 668 2048 putes,
712 1994 786 2047 qui
827 1995 1154 2035 controversiam
1199 1994 1431 2034 multorum
1464 1994 1616 2035 studiis

140 2078 396 2132 exploratam
430 2090 567 2131 neque
598 2081 737 2118 tamen
769 2077 820 2117 ad
852 2077 977 2118 finem
1012 2077 1255 2131 perductam
1285 2090 1351 2118 me
1377 2077 1613 2119 diluturum

139 2161 343 2216 pollicear.
386 2160 501 2202 Licet
541 2161 651 2202 enim
692 2173 765 2214 per
807 2162 1027 2215 sexaginta
1072 2174 1204 2202 annos
1236 2161 1407 2215 plurimi
1439 2163 1617 2216 scripto-

137 2256 203 2285 res
235 2257 400 2285 summa
430 2244 638 2284 industria
667 2244 766 2283 huic
797 2243 1069 2284 incubuerint
1097 2244 1275 2297 negotio,
1302 2248 1350 2284 ut
1366 2247 1614 2299 statuerent,

140 2338 222 2379 quo
265 2326 408 2367 ordine
450 2326 607 2366 satirici
648 2325 799 2379 dialogi
841 2339 864 2366 a
905 2325 1090 2366 Luciano
1133 2327 1275 2380 scripti
1307 2331 1457 2380 essent,
1490 2341 1615 2369 nemo

137 2412 289 2462 tamen,
335 2422 442 2463 quae
481 2412 616 2450 totum
658 2409 848 2461 solveret,
891 2422 934 2450 se
965 2410 1198 2463 repperisse
1230 2411 1445 2451 contendit
1475 2412 1615 2466 expli-

136 2493 357 2533 cationem.
388 2491 484 2533 Jam
514 2492 557 2532 in
585 2493 717 2546 capite
743 2493 880 2546 primo
907 2492 1039 2534 obiter
1066 2492 1254 2533 indicavi
1288 2505 1335 2534 eo
1362 2495 1611 2547 praesertim

136 2587 274 2616 errore
318 2574 537 2629 plerosque
583 2586 673 2615 esse
720 2574 869 2629 lapsos,
916 2575 1029 2629 quod
1076 2588 1210 2616 unum
1264 2588 1369 2630 opus
1416 2579 1613 2618 accurate

136 2657 416 2711 observantes,
464 2671 547 2711 quo
595 2659 762 2699 vinculo
812 2672 908 2700 cum
954 2659 1047 2700 aliis
1095 2660 1344 2713 cohaereret,
1394 2662 1610 2715 inquirere

135 2740 414 2795 neglegerent.
457 2740 563 2789 Quia
603 2745 742 2782 autem
775 2743 915 2783 omnia
942 2743 1110 2796 judicia,
1143 2756 1250 2797 quae
1282 2744 1480 2798 philologi
1511 2757 1609 2798 pro-

136 2825 327 2868 tulerunt
365 2837 610 2875 enumerare
640 2826 815 2880 longum
848 2830 921 2880 est,
955 2827 998 2866 in
1032 2827 1092 2868 eis
1124 2828 1386 2881 exponendis
1418 2840 1484 2869 me
1515 2841 1613 2870 con-
