1934 3334
992 327 1045 365 94

862 507 898 546 8.
936 504 1161 547 Conclusio.

334 636 509 677 Habetis
554 637 881 690 disputationem
923 637 1030 678 benc
1072 638 1239 692 longam
1282 638 1464 678 hominis
1507 638 1667 678 utinam
1700 649 1753 678 ne

275 721 496 772 temerarii,
527 720 630 760 illud
664 721 834 774 quidem
868 725 989 774 certe,
1024 734 1106 761 non
1140 722 1266 762 nimis
1298 723 1341 761 in
1371 722 1548 762 aliorum
1578 721 1760 775 explica-

274 804 461 844 tionibus
495 804 793 857 impugnandis
826 804 1067 856 verecundi,
1095 805 1165 845 sed
1196 805 1297 844 mihi
1316 806 1542 858 ignoscetis
1561 804 1762 859 profecto,

276 889 310 929 si
353 881 487 940 modo,
530 893 790 942 quantopere
833 890 1020 929 virorum
1065 889 1282 930 doctorum
1317 890 1535 943 opiniones
1567 903 1591 930 a
1617 890 1762 943 Jocosa

275 971 450 1012 Luciani
483 972 622 1012 indole
654 972 916 1025 abhorreant,
950 973 1167 1013 vobiscum
1202 974 1506 1027 reputaveritis.

337 1054 429 1096 Nisi
469 1068 580 1107 vero,
624 1068 919 1109 quaecumque
951 1056 1001 1097 de
1033 1057 1242 1097 secundae
1275 1058 1421 1097 aetatis
1455 1056 1650 1111 operibus
1683 1070 1760 1097 un-

277 1139 405 1192 dique
452 1139 600 1193 collegi
643 1143 682 1180 et
722 1140 1003 1193 particulatim
1052 1141 1264 1194 proposui,
1298 1154 1383 1181 uno
1415 1145 1642 1195 conspectu
1673 1154 1760 1181 am-

278 1223 431 1276 plexus
463 1222 595 1275 fuero,
624 1236 876 1277 magnopere
904 1227 1044 1264 metuo
1073 1236 1137 1276 ne,
1167 1237 1249 1277 qua
1277 1225 1590 1266 necessitudine
1607 1225 1761 1279 dialogi

283 1307 392 1346 inter
425 1319 469 1347 se
501 1306 751 1347 cohaereant
778 1310 818 1347 et
845 1306 925 1347 sibi
952 1307 1194 1360 succedant,
1221 1320 1369 1361 parum
1388 1308 1608 1361 perspicue
1625 1310 1762 1348 osten-

283 1389 394 1430 disse
427 1389 581 1430 videar.

334 1474 401 1514 Ad
434 1475 611 1527 primam
644 1475 772 1528 igitur
803 1478 991 1527 aetatem,
1024 1476 1147 1515 cuius
1164 1476 1391 1528 imaginem
1409 1476 1544 1529 capite
1562 1475 1760 1528 secundo,

280 1562 484 1611 quantum
528 1559 658 1612 potui,
702 1559 922 1611 delineavi,
966 1560 1084 1599 nobis
1127 1563 1189 1599 est
1230 1559 1504 1600 redeundum.
1539 1558 1634 1599 Jam
1668 1562 1758 1600 tum

275 1641 509 1682 Lucianum
541 1642 726 1695 dialogos
755 1643 1044 1695 composuisse
1072 1642 1269 1695 vidimus,
1287 1655 1308 1683 e
1327 1642 1483 1696 quibus
1502 1643 1758 1683 Anacharsis

277 1727 485 1767 satiricam
519 1726 701 1767 indolem
737 1727 895 1779 spirare
928 1726 1151 1767 videbatur
1181 1730 1222 1767 et
1251 1726 1426 1767 Toxaris
1458 1727 1642 1780 primum
1674 1727 1762 1767 erat

277 1811 500 1864 specimen,
532 1811 575 1850 in
610 1823 692 1864 quo
727 1811 903 1864 scriptor
936 1810 986 1850 ad
1018 1812 1194 1851 eroticas
1227 1810 1390 1851 fabulas
1422 1811 1601 1851 transiit.

335 1893 501 1948 Dialogi
544 1893 780 1947 Meretricii,
813 1908 836 1934 a
867 1895 1001 1948 prima
1032 1894 1252 1935 Toxaridis
1284 1894 1425 1935 fabula
1459 1907 1543 1935 non
1578 1894 1758 1934 multum

278 1979 433 2019 diversi
461 1982 501 2018 et
526 1977 673 2018 Timon
702 1979 851 2019 seriem
881 1978 1143 2032 dialogorum
1161 1991 1183 2019 e
1201 1978 1388 2019 secunda
1405 1982 1538 2018 aetate
1555 1979 1761 2032 aperiunt.

276 2061 438 2103 Deinde
470 2063 725 2102 comicorum
753 2063 859 2114 jocis
884 2062 1114 2103 delectatus
1132 2064 1268 2116 pergit
1285 2062 1337 2102 ad
1355 2061 1554 2115 Dialogos
1573 2060 1759 2102 Deorum

277 2149 317 2186 et
363 2145 635 2197 Marinorum,
682 2144 920 2186 Parasitum
966 2149 1006 2185 et
1049 2144 1243 2185 Vitarum
1277 2146 1553 2196 Auctionem3
1586 2144 1762 2185 fortasse

281 2241 333 2269 ex
375 2229 517 2270 eodem
552 2228 667 2269 fonte
698 2227 997 2269 Prometheum
1031 2232 1072 2269 et
1103 2227 1290 2269 Deorum
1325 2227 1576 2268 Concionem
1610 2228 1761 2268 hausit.

279 2313 437 2354 Eodem
470 2318 655 2366 tempore
688 2313 754 2353 vel
787 2312 902 2353 brevi
934 2316 1027 2366 post
1058 2313 1101 2352 in
1137 2311 1338 2364 Cronicis,
1371 2310 1559 2366 Dialogis
1577 2311 1762 2352 Mortuo-

281 2411 388 2450 rum,
420 2396 616 2450 Menippo
649 2397 737 2437 sive
764 2395 1081 2449 Necyomantia,
1110 2395 1386 2448 Hermotimo,
1403 2395 1579 2436 fortasse
1596 2395 1639 2435 in
1659 2394 1762 2435 Cha-

280 2494 393 2534 rone,
421 2480 526 2522 Jove
550 2480 784 2532 Confutato,
801 2479 980 2533 Navigio
999 2479 1244 2533 Menippum
1266 2480 1480 2520 satiricum
1501 2482 1671 2520 secutus
1689 2482 1760 2519 est.

338 2564 556 2606 Postremo
589 2566 632 2605 in
664 2564 770 2605 Jove
801 2563 1025 2618 Tragoedo,
1057 2563 1247 2617 Nigrino,
1280 2563 1611 2617 Icaromenippo,
1630 2562 1761 2615 Gallo,

280 2648 476 2700 Tyranno
525 2648 718 2702 dogmata
766 2647 922 2700 Cynica
965 2648 1155 2701 personis
1188 2647 1358 2687 comicis
1391 2645 1550 2699 tribuit,
1583 2646 1649 2687 vel
1681 2645 1761 2687 alio

283 2732 407 2773 modo
453 2730 594 2781 γέλωτι
639 2732 793 2782 κωμικῷ
830 2728 1052 2781 σεμνότητα
1081 2729 1296 2783 φιλόσοφον
1328 2731 1565 2772 hilariorem
1600 2733 1641 2771 et
1670 2743 1762 2785 gra-

283 2815 496 2856 tiosiorem
526 2815 716 2856 reddidit.
