1934 3334
996 322 1048 361 72

295 464 474 519 quadam
508 476 632 504 scena
661 474 894 517 congruere
923 466 1075 502 censet.
1102 461 1159 502 Ut
1187 463 1298 503 enim
1316 462 1580 505 Pithetaerus
1596 464 1774 518 eiusque

292 560 435 590 comes
468 547 735 587 turbulentos
769 547 883 586 cives
914 546 1084 599 fugiunt
1116 549 1156 587 et
1187 559 1326 587 rerum
1354 546 1619 601 publicarum
1636 546 1773 588 taedio

292 632 392 673 victi
443 632 571 671 vitam
622 631 807 684 quietam
840 630 884 669 in
917 633 1010 670 a'ere
1042 630 1311 683 conquirunt,
1342 631 1398 672 ita
1431 630 1774 685 Icaromenippus

293 717 335 756 in
370 715 611 769 aequalium
644 714 965 768 philosophandi
996 714 1158 755 ratione
1189 726 1274 755 non
1306 716 1590 769 acquiescens,
1621 714 1674 756 ad
1706 727 1776 756 su-

294 812 416 854 peros
448 799 562 852 ipsos
595 797 795 850 ascendit,
828 800 875 838 ut
907 810 929 837 a
961 796 1069 837 Jove
1100 797 1348 851 sciscitetur,
1375 798 1579 852 quidnam
1596 798 1661 838 vir
1676 810 1776 852 pru·

298 882 401 923 dens
435 881 485 923 de
516 881 859 935 philosophorum
893 880 1056 934 placitis
1084 880 1276 934 judicare
1308 880 1465 924 debeat.

356 966 437 1007 Sed
475 966 578 1019 quid
610 966 720 1006 inter
753 964 858 1005 duas
890 963 1055 1005 fabulas
1074 977 1297 1005 commune
1317 965 1550 1018 intercedit,
1566 965 1649 1006 nisi
1667 964 1780 1019 quod

298 1055 475 1105 uterque
520 1063 595 1104 per
641 1062 779 1090 aerem
826 1049 1150 1103 peregrinatur?
1197 1048 1346 1103 Neque
1386 1049 1447 1089 illi
1480 1048 1780 1101 ἀεροβατοῦντες

298 1136 417 1177 velut
448 1135 741 1189 Bellerophon,
773 1133 988 1187 Trygaeus
1020 1137 1060 1174 et
1093 1133 1163 1173 alii
1192 1146 1289 1174 -raro
1319 1134 1608 1175 inveniuntur.

358 1220 426 1259 Ad
478 1218 592 1259 illam
636 1218 776 1271 potius
808 1216 1059 1257 accedamus
1093 1216 1428 1271 descriptionem,
1464 1229 1598 1271 „quae
1628 1218 1784 1258 mirum

300 1305 344 1344 in
392 1303 564 1344 modum
613 1302 808 1356 congruit
855 1314 951 1341 cum
994 1300 1170 1355 Trygaei
1210 1301 1322 1355 apud
1353 1314 1528 1356 superos
1560 1300 1783 1343 adventu.''

307 1386 567 1441 „Namque,’'
601 1387 662 1427 sic
696 1388 1017 1440 argumentatur
1049 1384 1294 1439 Schulzeus,
1330 1389 1395 1438 „et
1412 1385 1525 1440 apud
1541 1386 1785 1440 Aristopha-

303 1484 399 1512 nem
444 1474 483 1512 et
515 1469 627 1524 apud
658 1468 895 1510 Lucianum
929 1467 1165 1509 Mercurius
1198 1469 1468 1523 pulsantibus
1499 1469 1609 1511 fores
1644 1470 1787 1524 aperit,

303 1555 502 1608 idemque
550 1553 654 1594 deus
699 1554 743 1593 in
785 1551 896 1593 Pace
928 1564 950 1593 e
980 1551 1180 1606 Trygan,
1215 1553 1410 1606 quisnam
1443 1556 1484 1594 et
1515 1553 1629 1594 unde
1658 1557 1786 1595 natus

305 1639 359 1678 sit
391 1638 638 1689 sciscitatur,
670 1636 712 1675 in
746 1634 923 1676 Luciani
958 1635 1122 1689 dialogo
1159 1648 1212 1676 ex
1242 1635 1598 1690 Icaromenippo.’'

365 1720 469 1770 Quis
516 1733 614 1761 vero
648 1720 821 1761 deorum
856 1720 990 1773 magis
1021 1719 1200 1760 idoneus
1232 1723 1306 1773 est,
1339 1723 1387 1760 ut
1413 1719 1587 1774 januam
1619 1720 1789 1774 aperiat,

307 1819 432 1860 quam
466 1805 537 1846 ille
568 1805 753 1845 nuncius
784 1803 1054 1844 Mercurius?
1086 1803 1140 1844 Et
1173 1803 1275 1857 quid
1306 1807 1390 1844 tam
1419 1805 1620 1845 usitatum
1640 1806 1681 1845 et
1696 1804 1789 1844 vul-

307 1901 406 1944 gare
449 1892 512 1929 est
554 1888 803 1942 putandum,
841 1901 967 1941 quam
1001 1890 1048 1928 ut
1081 1888 1116 1928 si
1149 1888 1244 1941 quis
1276 1888 1525 1942 peregrinus
1555 1887 1666 1929 fores
1695 1887 1788 1942 pu]-

308 1976 381 2025 set,
412 1984 568 2013 nomen
598 1971 801 2026 rogetur?

366 2056 482 2097 Licet
520 2069 645 2110 porro
692 2055 924 2096 Schulzeus
970 2056 1061 2096 iure
1092 2055 1432 2097 animadverterit
1463 2054 1711 2110 Menippum
1742 2056 1788 2096 in

310 2140 615 2193 Necyomantia
649 2143 688 2181 et
714 2139 928 2181 Bacchum
948 2140 1059 2194 apud
1076 2140 1401 2194 Aristophanem
1419 2141 1465 2180 in
1481 2138 1611 2180 Ranis
1627 2143 1790 2181 utrum-

312 2237 394 2278 que
426 2224 532 2278 pelle
560 2224 728 2264 leonina
754 2223 952 2264 indutum
971 2223 1021 2264 ad
1038 2223 1194 2264 inferos
1213 2223 1489 2276 descendisse,
1507 2227 1648 2264 tamen
1663 2224 1790 2265 nimis

308 2308 505 2349 audacter
542 2311 670 2348 totam
702 2307 885 2349 fabulam
917 2308 968 2348 ad
1000 2308 1209 2348 comicum
1241 2307 1483 2361 exemplum
1516 2307 1790 2362 compositam

309 2405 399 2433 esse
432 2394 618 2445 conjecit.

370 2474 501 2516 Vides
539 2489 636 2530 ergo
669 2490 796 2530 quam
829 2476 956 2517 debili
987 2476 1261 2517 fundamento
1295 2476 1484 2516 nitantur
1515 2475 1612 2516 illae
1645 2475 1791 2517 Schul-

312 2570 466 2598 zeanae
509 2559 819 2612 similitudines,
855 2563 896 2600 et
929 2573 1054 2613 quam
1086 2559 1219 2600 facilis
1250 2559 1353 2599 haec
1384 2558 1654 2612 comparandi
1685 2559 1791 2600 ratio

313 2641 378 2693 sit,
425 2642 618 2695 exemplo
666 2656 689 2682 a
734 2655 800 2683 me
847 2644 938 2696 ipso
985 2646 1148 2696 reperto
1183 2646 1222 2683 et
1254 2641 1435 2696 profecto
1467 2654 1551 2682 non
1588 2642 1792 2683 deteriore

313 2724 614 2764 demonstrabo.
647 2724 745 2765 Sine
779 2725 917 2778 dubio,
948 2725 1091 2778 lector,
1118 2729 1415 2779 argumentum
1443 2723 1608 2771 Πυτίνης
1634 2723 1792 2766 Cratini

313 2808 526 2861 cognitum
560 2807 699 2862 habes,
730 2809 775 2849 in
808 2822 891 2863 qua
921 2808 1063 2849 fabula
1094 2810 1338 2863 ingeniosus
1371 2812 1492 2863 poeta
1525 2807 1792 2850 Comoediam
