1934 3334
971 350 1052 390 146

961 538 1059 580 XV.

315 664 632 719 Argumentum
658 662 788 705 Rhesi
815 663 868 704 II.
899 662 1031 710 Ῥῆσος
1063 662 1112 709 εἷς
1145 669 1260 704 ’(Ιλιον
1287 662 1575 716 παραγίγνεται
1603 661 1751 714 νυκτός,

255 746 564 800 στρατευομένων
596 746 733 799 Τρώων
765 746 874 798 παρα
905 751 995 794 ταῖς
1030 745 1142 787 ναυσὶ
1177 748 1250 788 τῶν
1284 745 1495 794 Ἑλλήνων.

314 832 462 891 Potiu—s
494 832 632 886 legas:
667 829 1072 883 στρατοπεδευομένων
1107 830 1244 883 Τρώων
1280 835 1355 873 etc.

949 971 1071 1013 XVI.

311 1097 399 1138 Liv,
433 1096 655 1138 XXXIV.
678 1097 714 1138 9.
748 1095 880 1138 Nocte
915 1109 1010 1151 pars
1044 1097 1167 1138 tertia
1201 1098 1360 1138 civium
1386 1097 1431 1137 in
1461 1097 1594 1138 muris
1622 1109 1753 1138 excu—

252 1181 398 1233 babat3
450 1194 588 1236 neque
631 1182 758 1222 moris
797 1194 925 1222 causa
958 1184 1124 1222 tantum
1160 1185 1233 1222 aut
1266 1181 1370 1236 legis
1405 1182 1478 1223 sed
1510 1185 1681 1236 quanta,
1716 1181 1755 1223 si

255 1266 388 1306 hostis
421 1265 473 1306 ad
505 1268 651 1319 portus
685 1268 807 1318 esset,
839 1265 1064 1306 servabant
1096 1265 1262 1319 vigilias
1283 1271 1323 1306 et
1340 1265 1622 1306 circumibant
1639 1278 1753 1306 cura.

315 1348 561 1403 Legendum
604 1352 728 1402 puto:
763 1348 834 1390 sed
869 1352 1039 1403 quanta,
1073 1349 1108 1389 si
1140 1349 1275 1389 hostis
1308 1348 1480 1389 adortus
1513 1351 1636 1402 esset,
1669 1360 1755 1389 ser-

260 1431 413 1473 vabant
445 1435 519 1473 etc.

935 1530 1078 1572 XVII.

314 1655 395 1697 Cic.
440 1656 490 1697 de
532 1655 612 1696 div.
655 1654 687 1695 Ι.
732 1656 796 1695 38.
842 1654 1020 1708 Vitium,
1063 1654 1178 1708 quod
1222 1657 1285 1696 est
1326 1655 1372 1695 in
1406 1654 1548 1696 verbis
1588 1667 1753 1709 „neque

255 1753 340 1781 non
382 1742 562 1794 possunt
592 1739 737 1780 futura
769 1737 1086 1793 praenoscere’',
1120 1751 1203 1779 non
1238 1737 1454 1779 codicibus
1489 1738 1563 1780 sed
1590 1737 1756 1779 Stoico-

253 1837 348 1864 rum
382 1823 737 1878 argumentationi
768 1821 1045 1863 ‘cribuendum
1080 1825 1154 1863 est.
1188 1821 1267 1862 Cfr.
1302 1822 1353 1863 de
1380 1822 1462 1862 div.
1489 1821 1606 1862 1149
1625 1824 1665 1863 et
1684 1822 1757 1862 51.

920 1953 1086 1995 XVIII.

311 2079 469 2121 Catulli
497 2080 631 2121 codex
658 2079 697 2121 S.
727 2079 1027 2121 Germanensis
1059 2092 1146 2120 non
1176 2080 1279 2133 ipse,
1297 2079 1370 2121 sed
1388 2079 1616 2134 exemplar,
1634 2079 1751 2122 unde

254 2164 461 2206 deductus
493 2167 566 2218 est,
597 2176 707 2205 anno
744 2164 855 2204 1375
891 2165 1097 2218 scriptum
1131 2175 1223 2205 esse
1256 2163 1438 2204 videtur.

948 2294 1070 2336 XIX.

314 2419 462 2462 Catuli.
498 2421 563 2461 12.
599 2422 712 2461 6—9
747 2420 837 2474 (Ed.
873 2419 1035 2473 Riese):

1023 2503 1144 2545 crede
1177 2502 1362 2544 Pollioni

609 2586 736 2640 fratri,
767 2587 841 2641 qui
874 2590 947 2628 tua
978 2586 1091 2627 furta
1124 2586 1191 2628 vel
1222 2587 1384 2628 talento

612 2671 765 2711 mutari
798 2670 920 2711 velit:
956 2673 1018 2711 est
1052 2671 1165 2711 enim
1197 2670 1394 2724 leporum

611 2753 794 2795 disertus
827 2766 933 2808 puer
966 2767 1013 2795 ac
1043 2754 1312 2795 facetiarum.

315 2833 422 2876 Cum
453 2834 606 2877 Vossio
639 2837 971 2878 emendandum:
1006 2837 1198 2878 differtus
1228 2848 1336 2892 puer
1369 2849 1407 2878 a.
1438 2835 1464 2876 f.
