1934 3334
870 338 949 377 127

228 476 551 518 Necessitudine
583 478 734 530 autem,
767 489 873 530 quae
904 478 1012 518 inter
1037 477 1243 531 genuinos
1269 477 1397 519 libros
1423 491 1497 532 per
1514 478 1649 520 diver-

174 573 241 601 sas
286 563 440 602 aetates
480 560 764 613 intercederet,
808 573 929 613 quam
977 561 1289 602 accuratissime
1320 563 1520 615 exposita,
1553 563 1649 603 reli-

174 658 306 698 quum
340 648 414 699 est,
447 648 492 686 ut
522 645 802 698 inquiramus,
844 648 945 698 quot
971 645 1099 686 libelli
1127 646 1285 687 subditi
1308 646 1525 699 judicandi
1553 647 1647 687 sint.

597 841 633 880 2.
666 839 731 882 De
759 841 942 895 operibus
973 841 1211 884 subditiciis.

226 970 612 1034 Quotienscumque
654 982 699 1021 in
741 981 1028 1034 superioribus
1080 982 1397 1035 quaestionibus
1428 996 1648 1037 argumen-

169 1066 268 1106 tatio
315 1065 423 1117 tulit,
466 1067 512 1105 ut
554 1064 603 1105 de
645 1065 861 1105 authentia
907 1065 1088 1106 alicuius
1120 1065 1215 1105 libri
1248 1067 1486 1119 opinionem
1520 1079 1647 1121 expo-

169 1160 324 1201 nerem,
351 1148 516 1201 saepius
545 1146 797 1188 Lucianeam
825 1148 1029 1202 originem
1060 1151 1203 1188 contra
1222 1150 1409 1189 virorum
1429 1149 1646 1191 doctorum

170 1232 345 1272 crimina
391 1230 622 1284 defendere,
657 1244 783 1285 quam
816 1244 922 1285 opus
955 1232 1127 1285 aliquod
1160 1233 1270 1273 inter
1302 1234 1446 1286 spuria
1477 1234 1648 1286 rejicere

171 1317 346 1356 conatus
379 1327 486 1355 sum.

226 1397 285 1439 Ut
329 1397 511 1438 breviter
557 1410 647 1438 mea
685 1398 844 1451 judicia
875 1399 917 1438 in
952 1401 1133 1439 vestram
1169 1399 1411 1440 memoriam
1445 1412 1650 1454 revocem,

167 1480 295 1522 libros
339 1480 389 1521 de
432 1479 673 1533 Saltatione,
704 1480 956 1534 Hesiodum,
989 1482 1216 1536 Imagines,
1247 1481 1493 1536 Nigrinum,
1525 1482 1650 1522 Para—

167 1565 310 1613 situm,
355 1564 554 1617 Asinum,
601 1563 922 1617 Demonactem,
971 1565 1021 1605 de
1065 1564 1216 1618 Luctu,
1251 1565 1300 1605 de
1332 1565 1567 1618 Sacrificiis,
1600 1565 1650 1606 ab

166 1647 256 1700 ipso
289 1645 475 1687 Luciano
508 1647 684 1701 scriptos
717 1660 819 1700 esse,
851 1648 946 1688 licet
978 1648 1021 1688 in
1055 1648 1136 1688 alia
1168 1648 1412 1701 quaestione
1441 1648 1648 1702 nonnulli,

167 1731 212 1771 in
257 1731 337 1771 alia
383 1730 571 1784 plerique
602 1731 803 1785 philologi
834 1731 1109 1786 refragentur,
1141 1744 1214 1785 pro
1249 1735 1360 1772 certo
1393 1734 1542 1784 statuo,
1576 1731 1649 1772 sed

169 1814 251 1855 duo
297 1813 425 1855 libros
473 1813 681 1866 Cynicum
724 1818 764 1856 et
805 1815 1065 1869 Philopatrin
1110 1818 1278 1869 propter
1323 1827 1562 1855 sermonem
1610 1818 1650 1855 et

168 1902 464 1953 argumentum
502 1899 598 1940 luce
629 1899 782 1940 clarius
810 1900 1088 1940 adulterinam
1121 1900 1325 1953 originem
1350 1898 1519 1952 prodere
1536 1901 1649 1952 puto.

227 1981 403 2023 Restant
450 1994 566 2022 nunc
599 1985 691 2023 octo
722 1982 820 2023 libri
851 1983 1071 2023 communi
1103 1995 1313 2023 consensu
1345 1984 1452 2022 inter
1484 1982 1649 2035 spurios

167 2066 319 2118 rejecti,
364 2065 421 2106 ita
469 2068 515 2106 ut
561 2066 663 2106 viris
695 2066 871 2107 eruditis
903 2067 1072 2120 ineptus
1107 2078 1198 2107 esse
1230 2065 1406 2117 viderer,
1438 2066 1473 2106 si
1505 2065 1645 2106 denuo

168 2149 212 2189 in
259 2161 406 2189 eorum
455 2149 659 2203 originem
704 2150 994 2203 inquirerem3
1034 2151 1078 2189 in
1111 2150 1286 2190 aliorum
1320 2149 1450 2202 igitur
1476 2149 1649 2202 judiciis

169 2232 426 2286 proferendis
460 2245 529 2274 me
561 2233 795 2287 continebo,
822 2234 865 2273 in
895 2234 1033 2274 medio
1050 2233 1308 2287 relinquens,
1327 2236 1470 2273 utrum
1491 2232 1651 2286 ubique

107 2352 110 2353 γ
168 2328 318 2357 verum
349 2317 533 2357 viderint
566 2329 707 2358 necne.

224 2399 256 2440 I.
288 2399 492 2455 Dialogus
524 2400 694 2442 Amores
722 2404 888 2455 propter
918 2401 1122 2455 grandem
1159 2403 1199 2442 et
1231 2400 1448 2441 tumidum
1485 2413 1644 2441 sermo-

168 2495 267 2524 nem
299 2483 352 2524 ab
385 2483 583 2525 omnibus
614 2485 848 2525 rectissime
880 2484 1106 2524 damnatus
1131 2483 1160 2535 1)
1193 2483 1243 2524 ab
1279 2496 1326 2524 eo
1360 2483 1541 2538 scriptus
1572 2487 1651 2538 est,

168 2569 242 2622 qui
287 2568 477 2609 notitiam
527 2581 625 2609 cum
668 2567 842 2608 Luciani
885 2567 1080 2621 operibus
1128 2569 1385 2607 contractam
1432 2567 1650 2609 ostendere

210 2771 247 2813 1)
266 2772 416 2805 Lucinus
439 2783 468 2805 e.
480 2783 511 2814 g.
535 2772 802 2805 Theomnestum
825 2773 976 2806 amicum
1001 2773 1049 2806 sic
1069 2773 1210 2805 affatur:
1237 2772 1294 2803 καί
1312 2783 1364 2811 μοι
1388 2771 1509 2813 σφόδρα
1522 2772 1650 2812 διψῶντι

169 2832 316 2870 τοιαύτης
340 2833 472 2870 ἀνέσεως
495 2833 631 2873 εὔκαιρος
655 2833 672 2869 ἡ
694 2837 754 2865 τῶν
777 2835 887 2873 ἱλαρῶν
912 2846 966 2865 σου
993 2836 1097 2874 λόγων
1122 2833 1207 2873 ἐρρύη
1230 2833 1322 2873 χάρις
1347 2833 1408 2875 (1).
