1934 3334
1008 324 1088 363 114

355 460 471 510 Quae
502 463 743 516 conJ'ectura
769 463 877 504 mihi
899 463 1018 505 valde
1037 463 1210 511 arridet;
1231 464 1393 506 indoles
1410 466 1522 506 enim
1540 466 1663 507 Asini
1681 479 1780 508 cum

299 546 488 599 quinque
534 546 743 600 prioribus
785 546 1004 588 Toxaridis
1037 547 1349 589 narrationibus
1383 549 1598 603 congruit3
1633 549 1784 591 deinde

297 630 430 683 capite
471 626 592 671 tertio
636 643 752 671 meae
796 630 1099 672 dissertationis
1140 630 1375 672 Lucianum
1407 631 1650 686 frequenter
1681 633 1784 675 alios

298 713 520 767 scriptores
555 739 608 744 —
628 713 817 756 Comicos
836 717 875 755 et
893 713 1139 769 Menippum
1156 715 1251 756 volo
1272 741 1324 745 -
1342 717 1553 758 imitatum
1571 717 1785 759 interdum

296 798 568 852 neglegenter
614 811 720 853 opus
767 800 1054 854 composuisse
1102 800 1288 842 vidimus
1306 802 1348 855 1),
1395 815 1580 856 quocum
1631 803 1786 857 optime

295 880 367 921 illa
414 891 557 923 socors
605 882 859 937 excerpendi
905 884 1011 924 ratio
1058 885 1100 924 in
1150 884 1284 925 Asino
1326 886 1535 926 convenit.
1568 885 1786 928 Postremo

296 976 473 1017 parvum
534 966 721 1019 quidem,
779 966 851 1007 sed
907 970 1045 1008 tamen
1104 967 1293 1021 lepidum
1354 968 1655 1010 documentum
1712 981 1787 1024 pro

296 1046 507 1090 Lucianea
555 1050 716 1104 origine
756 1051 801 1090 in
844 1063 891 1091 eo
925 1051 1052 1091 situm
1086 1054 1159 1104 est,
1194 1051 1306 1105 quod
1339 1053 1527 1106 scriptor,
1561 1065 1658 1094 cum
1688 1051 1790 1094 alibi

296 1130 482 1172 fabulam
527 1133 831 1174 circumcidere
864 1134 1026 1187 soleret,
1061 1134 1321 1188 colloquium
1356 1135 1566 1188 quoddam
1599 1135 1788 1177 meretri-

296 1215 359 1255 cio
393 1228 590 1257 sermone
621 1216 812 1258 habitum
844 1218 977 1269 (Asin.
1012 1219 1153 1258 8—11
1188 1218 1258 1259 cfr.
1291 1218 1418 1273 Apul.
1447 1218 1491 1259 Π
1524 1219 1591 1273 16,
1617 1219 1686 1272 17)
1715 1222 1790 1261 aut

294 1302 431 1340 totum
465 1312 487 1341 e
518 1299 650 1341 Lucio
685 1301 877 1342 Patrensi
912 1303 1109 1356 servavit,
1142 1306 1227 1355 aut,
1260 1303 1373 1356 quod
1406 1303 1681 1344 verisimilius
1713 1306 1792 1357 est,

297 1384 454 1424 comice
475 1381 506 1437 2)
542 1385 588 1424 in
621 1385 757 1426 maius
790 1385 921 1426 auxit.
956 1384 1048 1434 Qua
1079 1387 1123 1426 in
1156 1387 1317 1427 ratione
1345 1399 1486 1428 nonne
1512 1385 1786 1441 Dialogorum

296 1465 632 1509 Meretriciorum
665 1469 908 1522 scriptorem
941 1469 1165 1523 agnoscis?
1197 1468 1348 1524 Neque
1380 1469 1611 1511 absurdum
1644 1473 1718 1524 est,
1751 1470 1788 1512 si

296 1552 438 1605 ipsum
472 1550 708 1593 Lucianum
740 1565 895 1594 nomen
928 1552 1118 1594 Photidis
1153 1553 1266 1607 apud
1298 1554 1529 1608 Apuleium
1555 1557 1595 1595 et
1610 1553 1787 1596 fortasse

297 1635 410 1689 apud
457 1634 637 1677 Lucium
684 1635 929 1678 Patrensem
976 1636 1158 1678 famulae
1203 1637 1348 1678 datum
1396 1638 1440 1678 in
1480 1637 1738 1679 Palaestram
1755 1636 1787 1688 3)

298 1721 532 1761 mutavisse
550 1721 583 1773 4)
618 1723 866 1761 statuamus.

355 1803 474 1846 Meae
515 1807 655 1845 tamen
698 1805 823 1845 Asini
865 1804 1099 1845 defensioni
1147 1807 1394 1858 argumenta
1426 1817 1448 1845 e
1479 1803 1626 1859 lingua
1657 1805 1789 1859 petita

299 1887 478 1941 obstant,
512 1887 668 1942 quibus
702 1887 885 1929 Cobetus
917 1891 957 1929 et
987 1887 1245 1929 Fritzschius
1277 1889 1398 1942 periti
1420 1888 1585 1941 judices
1601 1888 1788 1930 fabulam

299 1973 490 2014 omnium
522 1984 733 2013 consensu
765 1972 1167 2013 condemnaverunt.

357 2055 409 2095 In
456 2055 598 2097 Variis
644 2055 914 2097 Lectionibus
963 2057 1018 2110 (p.
1060 2056 1158 2107 260)
1191 2056 1405 2110 popularis
1431 2058 1574 2098 noster
1605 2056 1790 2098 Asinum

301 2152 325 2179 a
369 2138 557 2180 Luciano
600 2139 868 2193 abjudicavit,
911 2141 1011 2194 quia
1045 2141 1223 2194 scriptor
1259 2139 1518 2192 „Graecitate
1549 2140 1683 2181 utitur
1713 2139 1789 2181 ali—

302 2226 460 2276 quanto
520 2223 734 2277 deteriore,
782 2224 916 2264 multa
961 2223 1226 2278 negligenter
1273 2227 1313 2264 et
1357 2223 1530 2278 plebeiis
1575 2222 1790 2265 erroribus

301 2305 569 2360 scriptitans’'
612 2310 652 2348 et
683 2307 824 2348 statim
856 2307 1012 2348 adtulit
1043 2306 1381 2348 συνοινοικλίνεσθοιι
1414 2319 1488 2361 pro
1520 2304 1790 2356 συγκατακλί-

300 2389 424 2430 νεσθαι
456 2393 496 2432 et
527 2390 704 2432 formam
740 2389 993 2438 ἐκαθεύδησικ.

347 2584 383 2626 ’1)
409 2595 441 2626 p.
464 2584 507 2616 93
530 2596 624 2618 meae
650 2587 728 2619 diss.

346 2644 382 2687 2)
407 2646 473 2678 Csr.
498 2647 661 2688 Epicratis
686 2648 725 2680 fr.
751 2646 793 2679 10
819 2647 926 2690 (Kock
953 2647 996 2689 ΙΙ,
1019 2646 1112 2690 286),
1138 2648 1196 2681 ubi
1220 2648 1362 2681 ridicula
1386 2647 1608 2691 ambiguitate
1629 2646 1792 2681 vocabula
1849 2687 1857 2699 ἱ

300 2706 437 2738 nautica
461 2707 502 2738 ad
525 2717 578 2740 res
600 2709 780 2741 obscoenas
805 2707 1046 2751 significandas
1070 2709 1226 2741 adhibuit
1250 2712 1358 2751 poeta.

341 2766 376 2808 3)
404 2768 544 2801 Alcaeus
567 2770 715 2802 comicus
739 2770 873 2812 scripsit
899 2769 1161 2813 „Palaestram”.
1189 2770 1298 2810 (Kock
1324 2771 1340 2802 I
1364 2769 1458 2811 761).

344 2828 379 2871 4)
406 2829 473 2862 Csr.
495 2830 676 2863 Pancrates
699 2841 739 2863 ex
765 2831 895 2873 Alciph.
919 2830 995 2864 355
1019 2841 1038 2863 a
1062 2831 1210 2864 Luciano
1236 2832 1273 2863 in
1298 2831 1532 2864 Alcidamanta
1556 2833 1726 2863 mutatus.
