1934 3334
1003 348 1056 388 64

293 488 464 541 Micyllo
497 487 665 528 domino
699 486 974 540 commendat,
1008 487 1051 527 in
1081 486 1277 539 Tyranno
1312 486 1519 540 Cyniscus
1551 487 1778 542 praedicat,

292 574 337 613 in
381 571 566 612 Oronicis
610 569 818 610 Saturnus
861 570 993 623 docet,
1034 571 1078 610 in
1111 569 1289 624 Navigio
1322 572 1412 625 ipse
1442 570 1631 612 Lucinus
1663 574 1703 613 et
1733 572 1778 612 in

294 655 483 696 Charone
515 653 752 694 Mercurius
790 654 967 708 eiusque
1000 655 1161 695 amicus
1195 654 1359 695 Charon
1393 654 1652 709 profitentur.
1685 654 1779 709 Vel,

295 741 341 779 ut
387 737 583 791 apertius,
628 736 730 790 quid
773 737 911 791 velim,
955 736 1102 791 dicam,
1145 736 1390 778 Platonicus
1433 741 1575 779 noster
1615 751 1779 780 merum

295 821 501 875 Cynicum
533 822 628 875 agit.

355 886 460 946 Cum
493 906 604 946 enim
639 905 689 946 de
723 904 925 959 libertate,
957 919 1083 959 quam
1115 905 1379 960 philosophia
1396 905 1566 960 praebet
1584 908 1624 958 (4
1642 909 1682 947 et
1699 906 1781 959 20),

296 993 335 1032 et
378 990 428 1031 de
469 989 711 1030 mortalium
744 988 948 1042 φιληδονίᾳ
980 993 1020 1030 et
1052 989 1310 1042 φιλοπλουτίᾳ
1345 993 1386 1030 et
1417 987 1619 1042 φιλοδοξίᾳ
1649 988 1780 1042 Cyni-

296 1086 589 1135 corumssmore
621 1073 788 1114 locutus
822 1076 942 1126 esset,
975 1074 1018 1113 in
1053 1075 1105 1113 25
1139 1073 1410 1128 philosophos
1447 1074 1571 1128 gulae
1599 1077 1780 1127 accusat,

297 1158 408 1199 sicut
448 1156 664 1198 Lucianus
707 1158 748 1197 in
783 1156 1046 1198 Hermotimo
1080 1158 1252 1210 (9—13)
1286 1160 1326 1198 et
1356 1160 1443 1198 toto
1477 1156 1684 1199 Convivio
1717 1171 1781 1199 sa-

297 1243 459 1296 pientes
495 1241 659 1295 carpsit.
692 1240 875 1280 Nimiam
904 1241 1089 1294 corporis
1119 1241 1474 1294 exercitationem,
1501 1254 1627 1295 quam
1656 1240 1781 1282 Luci-

298 1338 405 1366 anus
451 1324 546 1365 dial.
595 1327 713 1364 mort.
765 1324 816 1363 10
868 1328 908 1365 et
954 1327 1039 1365 toto
1087 1324 1388 1365 Anacharsidis
1430 1324 1536 1365 libro
1569 1325 1780 1378 deriserat,

298 1409 423 1449 etiam
469 1407 676 1461 Nigrinus
709 1407 873 1447 minimi
907 1406 1142 1461 facit.(28).
1175 1406 1359 1461 Luxum,
1391 1420 1516 1461 quem
1549 1409 1593 1448 in
1624 1407 1780 1449 funeri-

299 1491 379 1533 bus
422 1494 464 1533 et
508 1491 714 1546 sepulcris
756 1491 949 1532 homines
992 1491 1269 1545 ostentabant,
1301 1492 1544 1546 perstringit
1573 1491 1779 1546 Nigrinus

298 1578 396 1630 (30),
430 1590 613 1631 quocum
649 1576 890 1617 conferendi
923 1580 1023 1617 sunt
1052 1576 1146 1617 dial.
1179 1579 1298 1617 mort.
1330 1577 1381 1617 10
1411 1580 1451 1617 et
1471 1577 1535 1629 13,
1554 1575 1780 1631 Menippus

301 1661 367 1715 17,
408 1660 629 1702 Demonax
671 1660 723 1700 66
769 1663 808 1701 et
849 1659 1015 1701 libellus
1062 1661 1138 1713 „de
1176 1659 1334 1701 luctu’'.
1367 1659 1572 1701 Homines
1616 1672 1780 1714 semper

298 1741 440 1795 ἄκαιροι
485 1745 701 1798 cupientes
751 1743 1030 1798 objurgantur
1075 1743 1173 1797 (31),
1207 1743 1319 1798 quod
1349 1744 1461 1785 idem
1493 1744 1651 1786 crimen
1685 1744 1780 1785 dial.

300 1832 422 1870 mort.
458 1828 511 1868 26
546 1831 910 1869 commemoratur.

358 1912 558 1966 Undique
600 1924 698 1966 ergo
742 1915 912 1966 apparet
942 1911 1154 1965 pleraque,
1187 1923 1295 1966 quae
1326 1910 1531 1965 Nigrinus
1563 1914 1779 1965 tamquam

302 2009 422 2038 suam
457 1995 688 2036 doctrinam
723 1994 889 2049 profert,
921 1994 1177 2048 Cynicorum
1210 2007 1301 2036 esse
1328 1997 1559 2049 praecepta,
1577 1995 1783 2049 quaedam

303 2081 427 2121 etiam
470 2080 513 2120 in
558 2080 734 2134 dialogis
766 2078 990 2120 Lucianeis
1025 2079 1118 2134 legi,
1151 2078 1224 2120 ubi
1256 2079 1502 2133 scriptorem
1535 2078 1784 2133 Menippum

306 2163 512 2217 Cynicum
560 2177 651 2205 esse
694 2167 884 2205 secutum
916 2167 1060 2218 postea
1092 2162 1341 2216 videbimus,
1374 2163 1432 2203 ita
1464 2165 1510 2204 ut
1543 2164 1680 2204 omnis
1711 2175 1784 2204 ex-

305 2248 485 2302 plicatio,
534 2260 642 2302 quae
688 2249 860 2289 satiram
907 2249 951 2288 in
999 2247 1227 2302 Nigrinum
1274 2247 1470 2301 scriptam
1512 2259 1603 2288 esse
1635 2249 1784 2301 sumat,

305 2330 541 2385 respuenda
573 2331 778 2372 videatur.

363 2413 478 2456 Haec
509 2413 651 2468 habui,
686 2427 793 2469 quae
825 2417 967 2456 contra
1001 2415 1190 2456 virorum
1223 2414 1442 2455 doctorum
1462 2415 1692 2468 opiniones,
1710 2414 1783 2468 qui

307 2501 378 2540 aut
420 2511 566 2540 verum
610 2499 738 2539 animi
778 2499 985 2553 affectum,
1025 2501 1098 2540 aut
1141 2499 1344 2553 originem
1377 2498 1785 2553 pseudolucianeam,

308 2586 380 2624 aut
422 2583 626 2624 occultam
669 2583 735 2624 vel
777 2586 960 2638 apertam
1004 2584 1174 2624 satiram
1206 2582 1598 2637 interpretabantur,
1629 2582 1785 2637 profer-

308 2677 419 2718 rem,
462 2666 675 2720 reliquum
717 2669 789 2721 est,
829 2670 877 2708 ut
907 2666 1011 2721 quid
1043 2668 1133 2721 ipse
1164 2667 1346 2708 sentiam
1377 2666 1625 2708 brevissime
1655 2679 1783 2721 expo-

308 2756 419 2802 nam,
452 2749 524 2790 sed
554 2752 780 2803 antequam
811 2750 978 2804 incipio,
1009 2762 1144 2804 pauca
1177 2749 1227 2791 de
1258 2749 1429 2791 nomine
1457 2748 1635 2804 Nigrino
1665 2763 1783 2805 prae-

309 2833 512 2875 mittenda
544 2833 752 2874 videntur.

1922 2908 1934 2975 .k-.
1923 2829 1934 2901 qu
1925 2788 1934 2808 nn
