1934 3334
908 319 960 358 95

249 456 300 496 In
347 457 502 510 quibus
549 457 746 498 omnibus
794 458 971 511 dialogis
1012 470 1097 498 non
1138 457 1313 499 Luciani
1345 459 1540 513 aequales
1572 472 1664 513 per-

190 540 466 593 stringuntur,
498 541 568 581 sed
602 542 765 594 antiqui
783 541 862 593 dei,
879 541 1139 582 venerabiles
1157 542 1404 596 philosophi,
1420 544 1663 597 praesertim

189 626 328 662 autem
361 636 468 663 vana
501 624 737 664 mortalium
772 624 910 664 studia
944 623 1204 665 Comicorum
1240 626 1304 665 vel
1339 625 1524 679 Menippi
1543 626 1665 666 modo

188 705 293 745 risui
326 706 556 746 traduntur.

247 788 296 828 In
338 788 412 829 Bis
454 790 664 830 Accusato
709 790 875 830 demum
915 790 957 829 in
990 789 1218 843 flagitiosos
1252 792 1446 844 aequales
1479 792 1664 832 animad-

188 873 349 912 vertere
396 872 607 925 simulque
653 871 880 912 honorifice
914 872 964 912 de
996 872 1258 926 philosophia
1288 874 1405 927 loqui
1437 875 1581 928 coepit.
1615 874 1664 914 In

188 953 409 1007 Piscatore,
457 956 530 1008 qui
579 955 769 1009 dialogus
817 955 1044 995 secundam
1091 959 1266 996 aetatem
1314 957 1482 1009 claudit,
1526 958 1660 1011 palam

187 1039 384 1091 antiquos
430 1038 698 1091 philosophos
747 1051 790 1079 se
837 1039 971 1079 colere
1014 1039 1125 1090 dicit,
1168 1043 1282 1080 etse
1314 1039 1364 1079 ab
1397 1053 1443 1080 eo
1476 1044 1663 1094 tempore

187 1121 308 1174 quasi
340 1133 554 1161 censorem
587 1121 783 1174 aequales
816 1124 1056 1162 notaturum
1091 1134 1180 1162 esse
1212 1123 1430 1175 promittit.

245 1203 417 1258 Origine
459 1208 598 1245 autem
640 1208 679 1246 et
721 1206 1021 1258 compositione
1066 1205 1324 1259 dialogorum
1359 1207 1538 1260 cognitis
1570 1206 1663 1247 illos
1718 1233 1720 1235 -

187 1289 291 1328 nihil
333 1289 415 1329 nisi
457 1289 687 1329 rhetoricae
731 1289 974 1342 disciplinae
1009 1289 1236 1342 specimina
1264 1290 1450 1343 putanda
1478 1302 1569 1330 esse
1601 1291 1663 1330 in-

185 1372 434 1425 tellegimus.
484 1372 618 1421 Quam
653 1376 846 1413 naturam
880 1385 926 1413 eo
961 1385 1130 1426 quoque
1163 1372 1447 1414 demonstrare
1478 1386 1664 1427 possum,

187 1456 299 1509 quod
335 1455 549 1497 [lucianus
581 1457 725 1497 eodem
758 1460 954 1510 tempore,
986 1470 1096 1497 anno
1129 1470 1278 1511 nempe
1314 1458 1409 1510 162,
1440 1457 1662 1511 Imagines,

184 1539 464 1580 laudationem
498 1541 541 1580 in
575 1540 785 1581 Pantheae
816 1541 1027 1591 honorem,
1054 1541 1266 1581 rhetorum
1286 1554 1400 1582 more
1417 1543 1661 1595 composuit.

241 1622 402 1664 Deinde
449 1625 490 1663 in
539 1623 769 1664 Rhetorum
817 1624 1102 1678 Praeceptore,
1146 1639 1272 1678 quem
1316 1625 1470 1667 librum
1519 1630 1662 1666 contra

184 1709 378 1761 aequales
425 1711 518 1761 post
563 1709 744 1749 comicos
791 1712 831 1749 et
879 1710 1049 1760 cynicos
1092 1710 1279 1764 dialogos
1322 1711 1523 1764 scriptum
1571 1724 1661 1752 esse

184 1791 232 1843 (ᾗ
254 1791 350 1842 165)
391 1792 433 1831 in
478 1793 671 1845 sequenti
704 1793 836 1845 capite
869 1792 1119 1842 videbimus,
1151 1805 1195 1833 se
1227 1806 1311 1833 non
1345 1794 1417 1834 diu
1451 1797 1557 1840 ante,
1590 1794 1662 1834 sed

183 1888 319 1928 nuper
345 1874 607 1916 Rhetoricam
637 1876 871 1916 deseruisse
899 1877 1116 1918 verissime
1145 1877 1252 1917 dixit
1278 1876 1378 1931 (ἐγὼ
1403 1876 1443 1917 δὲ
1460 1875 1662 1926 παύσομαι

184 1963 231 2009 τῇ
265 1959 430 2009 ῥητορικῇ
462 1956 717 2011 ἐπιπολάζων,
750 1960 902 2007 μᾶλλον
937 1958 976 1999 δὲ
1008 1958 1078 2006 ἤδη
1114 1958 1351 2014 πέπαυμαι)
1389 1961 1484 2013 (26).

242 2040 476 2082 Lucianum
518 2043 657 2095 igitur,
700 2055 795 2082 cum
840 2055 883 2083 se
926 2043 1305 2097 quadragenarium
1339 2045 1661 2085 declamationes

183 2124 411 2164 deserendo
472 2125 595 2164 etiam
644 2123 908 2165 Rhetoricam
959 2125 1194 2168 deseruisse
1240 2128 1281 2167 in
1329 2127 1403 2168 Bis
1449 2128 1659 2168 Accusato

183 2207 348 2259 diceret,
391 2208 612 2247 mentitum
656 2220 747 2248 esse
779 2208 972 2249 videmus
1005 2212 1045 2249 et
1077 2211 1486 2264 quinquagenarium
1520 2212 1660 2265 potius

180 2289 402 2331 Rhetorica
434 2290 484 2330 ab
519 2291 632 2330 omni
665 2295 780 2344 parte
812 2292 957 2332 relicta
988 2305 1202 2333 censorem
1236 2295 1475 2347 aequalium
1505 2293 1659 2335 factum

179 2385 270 2413 esse
303 2374 460 2426 optimo
487 2373 584 2425 jure
617 2373 754 2414 dicere
785 2386 1026 2427 possumus.
