1934 3334
1009 364 1063 403 34

301 504 499 558 posuerit,
545 515 567 543 e
612 502 870 557 paragrapho
918 502 969 541 17
1013 501 1190 543 fortasse
1228 501 1336 543 effici
1367 503 1526 556 potest,
1562 501 1637 555 qui
1667 500 1785 542 locus

301 586 413 641 apud
461 586 707 640 scriptorem
753 585 869 626 solus
911 586 1139 638 invenitur,
1184 585 1256 626 ubi
1295 598 1392 626 cum
1438 584 1705 626 observantia
1737 583 1788 625 de

301 669 594 710 Romanorum
628 668 782 723 populo
819 667 944 709 verba
980 668 1088 709 facit.
1123 668 1370 710 Verisimile
1402 681 1500 723 ergo
1535 668 1639 708 mihi
1675 666 1788 708 vide-

302 755 383 806 tur,
414 752 652 794 Lucianum
686 752 900 807 Imagines
934 766 1044 793 anno
1083 753 1163 792 162
1198 765 1246 794 eo
1279 753 1570 807 composuisse
1599 751 1789 804 consilio,

305 839 350 877 ut
381 849 455 893 per
485 837 665 891 gratiam
695 835 738 876 L.
766 835 867 877 Veri
896 836 1108 890 quoddam
1130 835 1392 877 beneficium
1421 835 1500 876 sibi
1528 836 1787 889 impetraret.

363 920 431 960 Ad
472 919 599 961 finem
645 919 836 974 perduxi,
880 932 988 973 quae
1019 919 1070 960 de
1103 919 1321 960 rhetoricis
1354 918 1528 959 Luciani
1560 917 1712 959 studiis
1744 918 1785 957 in

308 1004 497 1044 medium
531 1003 715 1058 proferre
743 1003 970 1054 habebam3
1000 1004 1042 1044 id
1070 1004 1207 1045 solum
1239 1007 1507 1058 superest,'ut
1523 1003 1790 1057 indagemus,

305 1101 412 1143 quae
444 1101 578 1142 opera,
610 1088 708 1129 licet
739 1088 792 1128 ad
818 1089 998 1142 primam
1017 1089 1255 1142 pertineant
1273 1092 1466 1141 aetatem,
1484 1088 1626 1141 aliqua
1642 1090 1790 1128 tamen

307 1186 361 1214 ex
393 1177 508 1227 parte
540 1186 639 1213 cum
672 1172 974 1226 posterioribus
1007 1172 1290 1226 comparanda
1323 1173 1418 1213 sint.

363 1257 415 1297 In
447 1256 744 1310 Anacharside,
762 1269 844 1310 quo
864 1256 1027 1310 dialogo
1046 1256 1173 1297 Solon
1187 1257 1215 1308 1)
1237 1255 1492 1297 Graecorum
1513 1257 1647 1296 artem
1663 1267 1791 1309 gym-

308 1344 515 1383 nasticam
565 1356 587 1382 a
634 1341 813 1393 Scythae
854 1339 1192 1381 cavillationibus
1224 1342 1378 1392 tuetur,
1409 1338 1487 1380 sub
1521 1337 1686 1379 barbari
1717 1338 1790 1379 ho-

309 1426 437 1466 minis
484 1427 685 1467 conviciis
729 1425 956 1466 sententias
989 1423 1175 1464 Luciano
1205 1424 1467 1478 gratissimas
1500 1422 1646 1464 audire
1683 1422 1792 1462 mihi

306 1510 462 1551 videor.
504 1509 585 1550 Hic
626 1513 769 1550 tamen
811 1509 988 1549 fortasse
1032 1521 1100 1549 me
1132 1508 1371 1562 interpellet
1403 1507 1546 1559 lector,
1583 1508 1792 1559 „interne-

308 1595 448 1634 civum
483 1597 530 1634 tu
563 1595 714 1634 satirae
745 1593 891 1633 latenti
923 1592 1082 1633 bellum
1115 1592 1321 1645 indixisti,
1353 1595 1393 1632 et
1424 1604 1550 1644 nunc,
1581 1603 1678 1632 cum
1709 1589 1787 1631 tibi

309 1691 413 1732 opus
456 1681 529 1731 est,
570 1681 713 1731 turpes
746 1676 848 1718 facis
879 1675 1116 1717 indutias!”
1152 1674 1289 1724 Quam
1323 1676 1609 1730 suspicionem
1641 1675 1685 1715 in
1719 1686 1790 1715 me

306 1761 452 1802 cadere
484 1761 687 1813 concedo;
723 1761 875 1815 quodsi
903 1764 1047 1801 tamen
1078 1759 1315 1801 Lucianum
1351 1759 1510 1813 eadem,
1543 1771 1652 1814 quae
1668 1758 1783 1799 Ana-

307 1846 465 1886 charsis
504 1846 548 1886 in
591 1848 733 1886 nostro
767 1845 931 1898 dialogo
964 1844 1133 1893 deridet,
1167 1844 1314 1885 eodem
1350 1847 1539 1897 tempore
1570 1842 1671 1884 alibi
1704 1854 1783 1883 suo

305 1932 478 1971 nomine
520 1930 825 1984 contempsisse
862 1929 1218 1981 demonstravero,
1250 1940 1391 1969 nonne
1422 1928 1578 1980 injuria
1609 1925 1784 1968 videbor

305 2014 483 2055 crimine
514 2016 736 2055 accusatus
769 2025 859 2054 esse
890 2012 1233 2053 inconstantiae?

362 2097 413 2137 In
459 2096 672 2138 Herodoto
723 2096 796 2150 (8),
843 2109 973 2150 quam
1022 2095 1322 2150 praefationem
1375 2096 1484 2136 inter
1522 2095 1623 2136 alias
1656 2107 1783 2149 supra

305 2182 564 2235 enumeravi,
591 2181 777 2222 rhetores
804 2180 927 2234 longe
954 2179 1120 2220 athletis
1147 2179 1362 2233 anteponit
1380 2177 1642 2231 (συρφετώδης
1667 2176 1786 2228 ὄχλος

304 2263 490 2316 ἀθλητῶν)
526 2268 566 2305 et
597 2265 641 2304 in
674 2264 837 2317 dialogo
871 2263 921 2304 de
953 2262 1181 2304 Saltatione
1213 2262 1299 2316 (71)
1331 2261 1464 2302 multo
1495 2261 1630 2316 magis
1661 2262 1787 2302 actio-

306 2359 404 2388 nem
448 2348 667 2388 mimicam
711 2350 897 2401 spectare
938 2346 1040 2400 vult,
1085 2359 1214 2400 quam
1265 2343 1527 2390 πυκτεύοντοις
1574 2344 1788 2389 νεανίσκους

304 2430 388 2482 ὀροῖν
420 2429 486 2471 noc)
519 2428 659 2479 οιῖμοετι
687 2428 884 2483 ῥεομένους
916 2427 983 2470 ux}
1017 2428 1260 2474 ποιλοιίοντοος
1293 2428 1330 2468 ἐν
1364 2425 1473 2468 κόνει.

364 2514 527 2556 Verum
561 2528 645 2556 non
677 2515 818 2556 solum
846 2513 1059 2555 Lucianus
1085 2514 1224 2555 rhetor
1251 2513 1438 2567 corporis
1465 2512 1784 2553 exercitationes

336 2736 380 2777 4)
405 2737 504 2769 Solon
528 2740 643 2768 tamen
667 2737 748 2768 huic
771 2735 879 2768 officio
904 2745 970 2767 non
995 2738 1073 2776 apta
1096 2743 1238 2775 persona
1266 2733 1418 2774 videtur3
1443 2733 1567 2775 legitur
1589 2732 1684 2765 enim
1697 2731 1787 2774 apud

305 2798 435 2830 Diodor.
471 2797 529 2835 IX,
563 2796 600 2828 5:
626 2798 641 2827 ὁ
666 2799 767 2828 Σόλων
798 2793 909 2835 ἡγεῖτο
934 2796 1005 2831 τοὺς
1028 2796 1083 2834 μὲν
1108 2794 1231 2830 πύκταις
1256 2794 1310 2824 >cxi
1337 2794 1476 2829 σταὸιεῖς
1499 2793 1552 2824 κοιὶ
1574 2794 1646 2830 τοὺς
1669 2792 1787 2828 ἄλλους

305 2858 446 2894 ἀθλητὰς
471 2857 567 2896 μηδὲν
595 2858 761 2898 ἀξιόλογον
785 2856 1029 2896 συμβάλλεσῧκι
1050 2856 1122 2891 ,ταῖς
1148 2856 1265 2886 πόλεσι
1289 2855 1361 2893 πρὸς
1385 2853 1549 2892 σωτηρίαν.
