1934 3334
996 329 1074 367 116

344 470 560 524 BiIrgerus
607 469 726 509 dicit:
779 467 962 521 „Lucius
1008 468 1222 509 Patrensis
1268 469 1311 508 in
1358 469 1525 509 asinum
1575 470 1767 511 mutatus

290 565 381 594 esse
412 551 462 593 ab
494 553 636 606 ignoto
664 553 866 606 scriptore
897 552 941 592 in
975 551 1382 606 Metamorphosibus
1414 551 1626 607 fingitur.'’

349 635 417 677 Me
462 639 600 677 tamen
643 635 799 690 judice,
846 636 936 690 ipse
977 634 1135 677 Lucius
1177 635 1389 677 Patrensis
1431 648 1476 677 se
1515 637 1559 677 in
1602 637 1768 678 asinum

289 722 494 761 mutatum
529 732 619 761 esse
649 721 694 760 in
725 719 1134 774 Metamorphosibus
1168 721 1375 761 narravit.

348 804 406 845 At
446 804 676 858 videamus,
719 804 821 858 quid
853 804 1013 845 Asinus
1045 807 1086 845 et
1116 803 1473 859 Metamorphoses
1507 804 1770 860 Apuleianae

293 887 343 929 de
374 888 451 928 hac
482 900 527 928 re
560 899 637 928 nos
669 887 854 928 doceant.

349 971 430 1012 Per
471 974 600 1012 totam
641 983 831 1026 graecam
869 970 1054 1012 fabulam
1087 972 1316 1026 primarum
1348 972 1530 1026 partium
1563 974 1676 1013 actor
1708 974 1770 1013 est

290 1054 448 1097 Lucius
491 1056 663 1110 quidam
699 1056 883 1109 juvenis,
926 1056 999 1110 qui
1040 1059 1208 1110 propter
1239 1056 1456 1110 negotium
1489 1055 1568 1098 sibi
1600 1069 1624 1097 a
1654 1059 1771 1111 patre

290 1140 535 1181 mandatum
581 1141 660 1181 iter
706 1141 751 1180 in
791 1139 1046 1181 Thessaliam
1090 1139 1225 1181 facere
1258 1141 1452 1194 instituit,
1485 1153 1570 1181 uno
1602 1142 1766 1182 tantum

288 1223 381 1264 loco
429 1226 602 1278 excepto
650 1224 746 1276 (55),
779 1223 851 1264 ubi
884 1236 927 1264 se
959 1236 1044 1264 non
1077 1222 1214 1264 filium
1249 1224 1504 1277 mercatoris,
1537 1223 1610 1265 sed
1642 1223 1767 1265 histo-

293 1308 452 1349 riarum
485 1308 727 1362 scriptorem
760 1308 962 1348 nominat.

351 1391 482 1434 Vides
524 1405 633 1447 ergo,
664 1393 721 1433 mi
751 1392 893 1445 lector,
925 1392 1092 1433 nullum
1126 1391 1395 1433 manifestum
1429 1391 1654 1433 discrimen
1687 1403 1772 1432 ser-

294 1480 381 1519 vari
412 1479 520 1520 inter
554 1478 797 1532 scriptorem
828 1476 993 1518 fabulae
1026 1479 1065 1518 et
1096 1489 1205 1530 eum,
1239 1477 1311 1530 qui
1339 1476 1495 1531 primas
1520 1477 1606 1530 agit
1621 1478 1776 1530 partes.

295 1562 478 1615 Oonjicio
511 1562 623 1603 enim
655 1561 730 1602 has
761 1561 987 1602 rhetoricas
1020 1559 1182 1601 fabulas
1212 1560 1328 1600 nullo
1363 1560 1576 1614 scriptoris
1602 1560 1774 1600 nomine

293 1647 338 1686 in
384 1645 505 1687 titulo
551 1644 669 1686 libri.
696 1644 834 1685 addito
882 1644 925 1684 in
969 1643 1122 1697 vulgus
1155 1655 1245 1684 esse
1278 1643 1409 1684 editas
1443 1655 1582 1697 neque
1613 1643 1775 1684 auctori

293 1730 424 1771 ullam
472 1730 594 1771 aliam
640 1728 892 1781 facultatem,
935 1730 982 1768 ut
1022 1729 1312 1780 innotesceret,
1345 1727 1607 1780 remansisse,
1640 1740 1767 1781 quam

294 1817 340 1855 ut
371 1815 414 1855 in
447 1814 698 1855 narrationis
731 1824 904 1866 corpore
936 1812 1025 1865 ipse
1058 1824 1134 1852 suo
1167 1812 1338 1852 nomine
1373 1810 1568 1865 prodiret.

354 1898 533 1940 Prorsus
582 1898 692 1939 idem
742 1896 891 1937 vitium
925 1895 1238 1948 compositionis
1275 1919 1328 1923 —
1355 1908 1453 1935 nam
1485 1894 1567 1935 alia
1601 1906 1702 1935 voce
1732 1894 1776 1935 id

298 1984 515 2038 designare
562 1983 658 2023 nolo
693 2007 745 2011 ——
779 1983 1037 2036 conspicitur
1067 1982 1111 2021 in
1144 1980 1336 2034 Apuleio,
1369 1978 1442 2020 ubi
1473 1991 1547 2033 per
1577 1979 1775 2032 majorem

298 2067 464 2109 fabulae
495 2070 652 2121 partem
683 2067 911 2120 primarum
945 2068 1058 2106 actor
1089 2063 1247 2105 Lucius
1266 2062 1506 2104 Corinthius
1524 2063 1776 2103 nominatur.

299 2152 355 2193 At
396 2152 605 2206 Apuleius
646 2150 723 2204 XI,
766 2150 817 2190 27
860 2150 931 2190 illo
963 2148 1094 2190 Lucio
1127 2147 1342 2189 Corinthio
1376 2147 1557 2201 seposito
1590 2149 1771 2187 actorem

298 2221 530 2289 primarum
575 2235 758 2289 partium
802 2234 937 2288 palam
980 2232 1302 2273 Madaurensem
1335 2234 1466 2284 vocat,
1501 2243 1584 2284 quo
1617 2230 1776 2272 scilicet

299 2320 469 2361 nomine
502 2332 545 2361 se
576 2320 716 2373 ipsum
748 2318 933 2359 indicare
965 2317 1110 2358 voluit.

358 2402 572 2452 Quantum
605 2401 922 2444 disturbationis
955 2401 1056 2442 haec
1072 2412 1347 2455 personarum
1365 2398 1616 2453 ambiguitas
1634 2410 1776 2440 creare

299 2490 451 2541 posset,
481 2487 619 2528 lucide
650 2486 1042 2540 Metamorphoseon
1073 2485 1244 2525 initium
1277 2483 1479 2534 declarat;
1512 2481 1669 2524 Lucius
1703 2481 1778 2523 Oo-

296 2571 478 2612 rinthius
511 2572 570 2612 sio
601 2571 717 2625 loqui
748 2571 916 2624 incipit:
955 2570 1037 2622 „At
1069 2582 1144 2623 ego
1176 2568 1252 2609 tibi
1284 2579 1474 2609 sermone
1505 2567 1584 2608 isto
1602 2566 1770 2608 Milesio

298 2655 434 2696 varias
464 2654 627 2696 fabulas
659 2667 874 2696 conseram
893 2686 900 2693 .
1015 2655 1055 2694 et
1086 2652 1242 2707 figuras
1259 2651 1533 2705 fortunasque
1550 2650 1771 2691 hominum

296 2737 358 2776 in-
388 2737 490 2778 alias
531 2738 734 2791 imagines
776 2749 1012 2789 conversas,
1043 2740 1089 2777 ut
1119 2736 1295 2788 mireris,
1328 2733 1564 2776 exordior.”
1598 2732 1775 2788 Deinde,

297 2819 372 2860 ubi
417 2824 542 2861 natus
589 2822 643 2861 sit
688 2824 729 2861 et
768 2834 895 2874 quam
937 2819 1212 2861 aerumnabili
1243 2818 1384 2860 labore
1417 2816 1645 2867 Quiritium
1689 2829 1777 2859 ser-
