1934 3334
879 349 957 388 117

186 502 359 531 monem
395 489 642 542 excoluerit,
674 487 899 529 lectoribus
933 489 1114 542 exponit.
1148 488 1343 529 Attamen
1362 488 1454 529 illas
1471 489 1663 542 periodos

183 573 397 627 Apuleius
446 584 660 626 perperam
694 572 804 612 inter
835 583 879 612 se
911 571 1152 624 conjunxit,
1185 570 1342 612 Lucius
1375 571 1485 612 enim
1521 570 1662 612 Corin-

184 656 314 709 thius,
370 668 463 696 cum
515 655 674 695 natales
723 666 821 694 suas
868 666 1037 694 narrare
1082 654 1294 707 inciperet,
1327 653 1376 694 de
1409 666 1452 694 se
1483 653 1666 707 profiteri

186 739 382 782 debebat:
441 740 561 793 „quis
608 751 687 791 690,
720 739 865 792 paucis
898 737 1077 792 accipe”.
1109 738 1157 778 In
1190 737 1329 778 fabula
1361 751 1457 779 vero
1489 739 1663 792 legitur:

187 824 310 877 „quis
357 822 433 876 ille,
479 823 624 877 paucis
671 821 849 876 accipe'',
894 834 1000 875 quae
1043 825 1141 862 sunt
1183 822 1316 876 ipsius
1358 821 1510 876 Apulei
1542 821 1668 863 verba

181 910 447 961 praepostere
479 907 561 947 huc
592 907 758 947 inserta.

243 990 301 1030 At
347 1003 430 1030 non
477 970 613 1030 solum
664 988 829 1030 duabus
873 989 937 1029 his
982 988 1136 1029 fabulis
1179 1001 1271 1029 mea
1313 989 1451 1042 opinio
1494 989 1660 1041 nititur3

183 1074 271 1127 ipse
306 1072 532 1126 Lucianus,
569 1076 613 1113 ut
649 1085 775 1126 supra
803 1073 886 1125 jam
922 1072 1022 1125 dixi,
1056 1072 1105 1112 de
1137 1071 1665 1126 fabulatoribusloquitur:

180 1155 322 1197 πολλοὶ
355 1155 603 1208 συνέγραψαν
636 1157 683 1202 ὡς
716 1155 759 1202 δή
793 1171 898 1201 τινας
936 1155 1132 1196 ἑαυτῶν
1164 1154 1318 1200 πλάνοις
1350 1154 1412 1195 ux)
1445 1153 1667 1204 ἀποδημίαις

181 1239 295 1292 (Ver.
344 1239 452 1281 Hist.
507 1241 561 1293 3),
608 1252 747 1293 neque
794 1239 1062 1293 Augustinus
1108 1239 1335 1292 Apuleium
1381 1252 1403 1279 a
1434 1239 1663 1292 primarum

181 1326 326 1364 actore
358 1322 752 1377 Metamorphoseon
784 1324 972 1375 secernit,
1006 1335 1101 1363 cum
1133 1323 1175 1362 in
1210 1321 1383 1363 Civitate
1415 1321 1494 1362 Dei
1530 1323 1663 1362 1818.

182 1407 244 1447 sic
282 1406 448 1447 scribit:
488 1408 622 1459 „siout
654 1406 861 1460 Apuleius
892 1407 935 1446 in
968 1405 1097 1458 libris,
1126 1419 1231 1460 quos
1258 1406 1380 1446 Asini
1409 1407 1525 1446 aurei
1543 1406 1662 1447 titulo

179 1490 408 1543 inscripsit,
454 1489 530 1530 sibi
575 1490 654 1542 ipsi
699 1490 913 1543 accidisse,
961 1493 1007 1530 ut
1050 1493 1218 1543 accepto
1261 1502 1434 1542 veneno,
1476 1490 1660 1531 humano

181 1574 325 1613 animo
357 1578 627 1627 permanente
660 1574 804 1614 asinus
836 1572 964 1626 fieret,
997 1576 1068 1614 aut
1095 1573 1294 1613 indicavit
1326 1576 1398 1613 aut
1427 1572 1590 1613 finxit.''

357 1773 394 1812 4.
430 1770 494 1813 De
525 1770 786 1812 Demonactis
817 1774 854 1812 et
886 1771 1060 1812 Sostrati
1090 1771 1196 1812 vitis.
1229 1770 1484 1812 Emblemata

790 1855 1046 1896 indicantur.

240 1998 501 2040 Promissum
546 1999 588 2039 in
628 1998 841 2039 Piscatore
874 1998 1017 2039 datum
1049 2010 1101 2039 ex
1135 1998 1263 2038 altera
1292 2000 1455 2038 tantum
1487 2001 1604 2052 parte
1636 2012 1658 2039 a

182 2081 367 2123 Luciano
414 2095 504 2123 esse
553 2081 805 2135 absolutum,
855 2082 929 2135 qui
975 2083 1019 2121 in
1067 2080 1263 2122 omnibus
1306 2095 1329 2121 a
1370 2081 1490 2122 nobis
1523 2081 1658 2122 adhuc

185 2166 424 2207 memoratis
469 2164 664 2219 operibus
713 2165 812 2205 vitia
859 2165 947 2206 sola
980 2165 1197 2205 hominum
1233 2165 1507 2218 castigaverit,
1539 2164 1658 2206 facile

184 2249 346 2303 opinari
378 2250 529 2303 possis.
563 2248 659 2289 Non
693 2252 834 2289 tamen
852 2261 1065 2289 censorem
1093 2251 1175 2288 tam
1205 2247 1449 2301 malignum,
1467 2251 1512 2288 ut
1531 2249 1660 2289 virtu—

182 2336 244 2374 tes
274 2333 444 2374 laudare
473 2334 680 2375 omitteret
710 2345 805 2374 eum
824 2332 966 2386 fuisse,
984 2336 1160 2374 testatur
1177 2330 1438 2373 Demonactis
1454 2331 1657 2385 Eloyizcm.

242 2415 323 2466 Qui
354 2416 458 2458 liber
491 2430 572 2471 quo
607 2421 792 2471 tempore
825 2418 1005 2470 scriptus
1039 2417 1102 2468 sit,
1136 2415 1232 2456 inde
1258 2415 1364 2456 effici
1383 2419 1529 2469 potest,
1547 2417 1659 2470 quod

184 2499 311 2541 verba
342 2500 392 2541 de
424 2499 590 2541 Herode
622 2500 776 2553 Attico,
809 2512 892 2553 quo
920 2500 1053 2540 amico
1081 2497 1301 2539 Demonax
1328 2497 1535 2552 utebatur,
1563 2499 1660 2540 talia

185 2586 294 2636 sunt,
325 2587 372 2623 ut
402 2583 523 2624 illum
542 2584 637 2636 'jam
670 2583 720 2624 de
752 2584 837 2623 vita
870 2583 1097 2623 decessisse
1125 2581 1291 2622 credere
1319 2582 1450 2622 liceat.
1469 2580 1658 2623 Herodes

185 2670 323 2708 autem
366 2668 563 2721 quoniam
606 2668 714 2707 circa
751 2679 909 2707 annum
946 2666 1025 2705 177
1061 2668 1251 2706 mortuus
1284 2668 1358 2718 est,
1390 2664 1656 2706 Demonactis

185 2752 271 2792 vita
305 2755 399 2805 post
430 2751 554 2791 illum
588 2763 744 2791 annum
780 2751 934 2803 scripta
967 2761 1058 2790 esse
1089 2749 1220 2790 debet.

245 2835 301 2875 At
357 2835 398 2875 id
445 2835 596 2888 ipsum,
656 2834 766 2887 quod
824 2833 1036 2874 Lucienus
1092 2833 1383 2887 philosophum
1443 2833 1657 2887 aequalem
