1934 3334
1029 338 1081 377 50

306 479 521 533 dialogum
554 479 734 532 scriptus
767 478 925 519 fuisset.
963 478 1185 531 „Gallum”
1217 479 1268 519 ad
1285 480 1548 520 comicorum
1569 477 1791 532 exemplar

309 563 541 604 admodum
577 565 741 603 mature
775 563 1060 616 compositum
1094 561 1358 604 Schwarzius
1371 563 1400 615 1)
1429 563 1571 604 eodem
1589 566 1795 617 tempore,

307 660 391 701 quo
423 646 719 687 Alexandrum
754 646 1088 688 Pseudomantin
1122 649 1231 701 (post
1258 660 1418 688 annum
1451 645 1791 699 180)aLuciano

306 732 541 786 profectum
577 744 668 772 esse
696 731 913 785 judicavit.

364 815 499 857 Maior
531 817 657 857 etiam
692 816 801 857 inter
833 816 945 856 viros
980 815 1123 856 doctos
1157 815 1291 855 oritur
1323 814 1550 867 tumultus,
1577 826 1676 854 cum
1706 813 1791 854 sin-

306 889 507 954 gulorum
551 899 758 940 librorum
792 899 1019 940 consilium
1055 912 1265 953 exponere
1298 903 1516 940 conantur.
1548 898 1793 954 Nigrinum,

307 986 356 1024 ut
402 983 540 1025 denuo
573 983 625 1024 ad
657 983 771 1024 hunc
805 983 1020 1037 dialogum
1056 983 1238 1036 redeam,
1272 982 1408 1024 tribus
1441 983 1619 1024 diversis
1653 981 1790 1023 modis

306 1069 567 1123 interpretati
600 1071 720 1120 sunt,
755 1068 825 1108 alii
858 1080 969 1121 vero,
1004 1068 1103 1122 quia
1131 1071 1431 1122 argumentum
1462 1067 1672 1121 explicare
1705 1078 1791 1107 non

306 1155 490 1206 possent,
523 1165 629 1206 opus
662 1165 736 1206 pro
768 1151 1124 1205 pseudolucianeo
1157 1151 1410 1192 habuerunt.

365 1235 524 1277 Lucide
569 1236 699 1290 igitur
730 1238 899 1289 apparet
931 1236 1123 1275 virorum
1158 1235 1378 1275 doctorum
1413 1234 1564 1276 studiis
1597 1233 1788 1274 nondum

304 1320 347 1361 id
379 1320 574 1361 effectum
609 1332 712 1373 esse,
746 1322 791 1360 ut
823 1322 1042 1373 tamquam
1077 1318 1296 1373 profligata
1328 1319 1574 1372 quaestione
1606 1318 1707 1358 novi
1734 1317 1785 1357 ad

306 1404 621 1458 chronologiam
679 1402 1018 1444 constituendam
1077 1405 1253 1443 conatus
1312 1402 1615 1456 supervacanei
1661 1403 1788 1454 atque

303 1488 476 1529 inutiles
508 1487 649 1541 putari
683 1486 875 1528 debeant.

363 1571 503 1613 Meam
536 1573 679 1611 autem
711 1571 1079 1624 investigationem
1114 1583 1198 1624 qua
1229 1571 1391 1610 ratione
1422 1568 1711 1610 incohaverim
1747 1571 1788 1609 et

302 1656 355 1698 ad
386 1656 562 1708 bonum,
594 1667 727 1709 spero,
760 1655 925 1696 exitum
958 1654 1246 1709 perduxerim,
1279 1654 1426 1708 paucis
1455 1652 1670 1694 enarrabo.
1687 1650 1784 1693 Duo

302 1740 397 1781 libri
444 1764 498 1769 —
540 1739 614 1780 Bis
648 1739 886 1780 Accusatus
920 1741 961 1779 et
992 1738 1182 1779 Piscator
1215 1762 1269 1767 —
1303 1739 1346 1777 in
1379 1736 1634 1791 praefatione
1666 1748 1785 1777 meae

304 1824 609 1866 dissertationis
661 1824 751 1876 jam
801 1823 1029 1875 memorati,
1076 1823 1120 1862 in
1167 1822 1243 1862 hac
1293 1821 1538 1875 quaestione
1584 1819 1785 1861 solvenda

303 1908 461 1949 claram
493 1908 598 1948 mihi
629 1907 863 1948 attulerunt
893 1907 1046 1947 lucem.
1073 1905 1310 1947 Lucianum
1337 1907 1461 1958 enim,
1480 1918 1563 1959 quo
1581 1908 1774 1959 tempore

301 1993 377 2034 hos
411 1992 597 2047 dialogos
630 1992 807 2045 scripsit,
840 1991 890 2032 de
922 1991 1108 2044 antiquis
1142 1990 1400 2044 philosophis
1433 2002 1517 2030 non
1553 1989 1637 2030 nisi
1668 2000 1786 2029 reve-

302 2079 443 2118 renter
487 2075 613 2117 verba
659 2075 819 2128 fecisse,
860 2073 1076 2128 improbos
1118 2086 1216 2114 vero
1247 2073 1454 2127 aequales,
1488 2073 1562 2126 qui
1593 2072 1778 2126 philoso-

303 2161 448 2215 phiam
503 2160 754 2201 simularent
808 2161 988 2211 tantum,
1034 2157 1305 2199 acerbissime
1351 2157 1547 2211 persequi
1592 2158 1780 2211 coepisse

304 2244 447 2285 inveni
475 2242 559 2295 (cfr.
578 2256 610 2283 c.
627 2242 733 2295 HI§
754 2243 804 2293 2).
832 2241 899 2281 Ex
918 2241 1010 2282 aliis
1027 2241 1185 2281 ibidem
1202 2241 1377 2295 repertis
1394 2240 1662 2294 testimoniis,
1680 2243 1783 2294 quot

306 2326 459 2381 dialogi
499 2329 688 2381 tempore
729 2326 1066 2379 praecessissent,
1097 2324 1301 2377 conclusi,
1332 2325 1575 2378 iterumque
1608 2324 1778 2378 qualem

305 2408 519 2451 Lucianus
551 2410 601 2451 de
632 2409 893 2464 philosophia
921 2410 1165 2462 opinionem
1195 2408 1253 2449 ibi
1270 2407 1505 2462 protulerit,
1521 2408 1786 2462 investigavi.

308 2492 543 2534 Lucianum
594 2496 736 2534 autem
780 2506 827 2534 eo
869 2496 1058 2546 tempore
1099 2493 1242 2546 ipsum
1274 2491 1559 2546 philosophiae
1592 2491 1783 2533 studium

305 2576 549 2630 repudiasse
596 2580 635 2618 et
675 2577 871 2631 antiquos
913 2576 1182 2630 philosophos
1216 2576 1427 2628 derisisse,
1459 2575 1654 2628 aequales
1688 2587 1787 2616 vero

307 2660 352 2700 in
391 2660 600 2701 iudicium
633 2673 782 2702 vocare
813 2660 1006 2701 nondum
1038 2660 1076 2701 ei
1107 2661 1154 2700 in
1187 2662 1375 2701 mentem
1407 2659 1575 2700 venisse
1608 2659 1789 2701 certissi-

353 2829 387 2872 1)
413 2830 633 2863 Schwarzius.
658 2831 764 2864 Ueber
789 2831 932 2864 Lucians
957 2831 1090 2874 Gallus,
1114 2842 1144 2873 p.
1172 2829 1227 2864 53.
