1934 3334
989 332 1043 371 88

275 473 378 512 nihil
421 485 512 513 esse
541 473 622 512 nisi
648 472 931 512 imitationem
968 475 1007 511 et
1040 472 1400 512 continuationem
1434 471 1633 512 Lucianei
1670 472 1755 512 dia-

274 556 369 610 logi.
406 558 454 605 (v.
489 556 524 595 d.
558 554 616 595 La
647 554 772 596 Porte
804 558 997 595 annotat:
1032 567 1078 596 ce
1112 555 1305 609 dialogue
1338 560 1401 596 est
1434 568 1517 596 une
1544 557 1753 596 imitation

274 644 314 681 et
347 652 430 680 une
461 639 631 693 parodie
650 639 698 691 (P)
733 639 782 679 de
810 637 995 689 Lucien.)

332 723 503 764 Licetne
538 724 640 763 mihi
674 724 801 764 huius
835 723 987 776 dialogi
1021 724 1189 764 initium
1227 723 1475 764 excribere?

331 807 499 860 Jupiter
545 807 734 861 loquitur
778 806 828 846 ad
862 805 1148 846 Mercurium:
1184 806 1261 846 Τὸν
1297 806 1366 855 μὲν
1400 805 1525 856 τόπον,
1559 803 1585 846 ὦ
1619 806 1758 858 Ἑρμῆ,

274 888 340 930 καὶ
389 889 449 930 τοῖ
481 889 606 941 βάθρα
647 889 733 941 (cfr.
767 889 864 930 Luc.
903 890 941 943 l)
976 888 1043 930 uxi
1077 890 1146 935 τὴν
1179 890 1313 936 λοιπὴν
1345 894 1412 931 τοῦ
1445 890 1641 941 mohin-pov
1675 889 1760 930 διοι-

274 972 410 1020 σκευὴν
444 973 537 1025 χθὲς
571 975 608 1025 (i.
644 987 675 1014 e.
710 975 753 1013 in
789 975 983 1014 auctione
1016 973 1242 1026 Lucianca)
1275 970 1315 1013 εὖ
1347 976 1537 1020 ποιοῦντες
1571 972 1763 1024 τετεύχα-

278 1073 348 1107 μεν
382 1057 444 1097 uxi
477 1058 544 1098 οὐκ
578 1056 624 1097 ἂν
659 1056 834 1108 δευτέροις
868 1056 962 1105 ἡμῖν
996 1056 1117 1103 δεήσει
1155 1062 1412 1108 πκρκσκευῆς.

335 1142 452 1183 Sicut
493 1141 719 1193 Lucianus,
765 1143 821 1182 ita
863 1141 1106 1182 Theodorus
1146 1141 1406 1182 Mercurium
1443 1140 1550 1190 βίους
1582 1142 1766 1183 venden-

282 1230 366 1267 tem
401 1225 533 1279 fingit,
565 1238 609 1265 re
638 1238 735 1266 vera
753 1224 982 1278 Homerus,
1000 1225 1295 1279 Hippocrates,
1311 1226 1627 1279 Aristophanes,
1644 1225 1767 1266 Euri-

281 1310 413 1364 pides,
448 1309 712 1363 Pomponius
746 1309 934 1362 quidam,
966 1312 1006 1350 et
1039 1308 1348 1350 Demosthenes
1383 1314 1578 1350 veneunt.

336 1393 482 1434 Unum
520 1393 766 1447 exemplum
806 1406 889 1433 non
924 1393 1143 1446 illepidum
1180 1394 1431 1434 imitationis
1464 1393 1638 1433 addam:

339 1477 466 1531 Apud
513 1476 753 1517 Lucianum
802 1476 865 1528 (V.
899 1477 948 1516 A.
993 1477 1031 1527 8)
1077 1480 1242 1530 emptor
1285 1475 1518 1530 Diogenem
1554 1479 1693 1530 rogat:
1727 1475 1770 1517 τὸ

280 1561 435 1606 πρῶτον,
471 1555 496 1599 ὦ
530 1558 727 1609 βέλτιστε,
758 1559 933 1604 ποδαπὸς
961 1555 1013 1606 εἷς
1034 1559 1219 1612 Cynicus
1239 1560 1486 1614 respondet:
1507 1557 1768 1605 παντοδαπός.

280 1644 408 1698 Apud
450 1644 715 1684 Theodorum
762 1648 927 1697 emptor
972 1643 1210 1684 Homerum
1254 1648 1371 1697 rogat
1402 1642 1594 1688 ὁποδαπὸς
1629 1642 1668 1683 δὲ
1701 1642 1770 1689 τὴν

281 1726 480 1768 διάλεκτον
511 1723 564 1773 εἷς
599 1727 815 1767 Homerus
849 1727 1098 1781 respondet:
1134 1725 1393 1772 παντοδαπός.

341 1811 470 1852 Vides
505 1824 615 1865 ergo,
647 1811 787 1863 lector,
820 1811 1023 1852 Theodori
1055 1812 1291 1852 imitatione
1325 1824 1460 1851 meam
1483 1811 1766 1864 conjecturam

282 1908 366 1935 non
398 1894 637 1935 labefactari
671 1898 709 1935 et
742 1894 780 1933 V
784 1896 940 1935 itarum
975 1896 1227 1935 Auctionem
1268 1907 1314 1934 eo
1350 1898 1550 1947 tempore,
1579 1907 1662 1948 quo
1680 1893 1770 1935 Pis—

284 1982 466 2019 catorem
517 1979 694 2031 scripsit,
743 1992 765 2018 a
806 1977 993 2018 Luciano
1042 1982 1245 2018 mutatam
1291 1990 1382 2018 esse
1414 1981 1573 2027 statuo,
1608 1977 1657 2017 de
1690 1976 1772 2017 dis-

286 2063 497 2116 crepantia
542 2075 654 2115 vero,
700 2075 807 2116 quae
853 2066 915 2103 est
947 2063 989 2102 in
1024 2062 1307 2114 Hermotimo,
1342 2065 1495 2102 certam
1530 2062 1769 2115 opinionem

293 2146 476 2200 proferre
510 2159 593 2186 non
628 2146 772 2187 audeo.

349 2230 439 2279 Quo
474 2243 659 2271 excursu
695 2231 745 2270 de
778 2230 944 2270 duobus
982 2229 1159 2283 dialogis
1193 2232 1336 2282 postea
1372 2229 1545 2268 mutatis
1574 2228 1626 2268 ad
1642 2227 1769 2268 finem

287 2315 499 2368 perducto,
548 2327 660 2354 nunc
709 2314 760 2353 ad
809 2314 891 2354 duo
935 2318 1171 2367 postremos
1207 2312 1407 2366 dialogos,
1442 2312 1515 2365 qui
1543 2312 1771 2352 vanitatem

296 2399 533 2438 mortalium
569 2399 823 2452 vituperant,
856 2398 1018 2438 animos
1052 2397 1332 2437 advertamus.

350 2482 400 2522 V.
451 2482 616 2523 Charon
676 2482 851 2523 feriatus
903 2482 954 2522 ad
1003 2494 1178 2535 superos
1226 2480 1414 2521 ascendit
1463 2485 1523 2531 ut,
1571 2491 1773 2532 quasnam

293 2565 530 2619 voluptates
563 2566 776 2619 ademptas
809 2565 963 2605 mortui
996 2565 1038 2604 in
1074 2578 1150 2604 sua
1179 2563 1331 2616 cymba
1359 2562 1574 2616 deplorare
1603 2562 1776 2611 soleant,

291 2652 515 2702 cognoscat
558 2653 596 2689 et
639 2662 661 2688 a
704 2648 914 2689 Mercurio
953 2649 1098 2700 amico,
1134 2653 1179 2688 ut
1212 2651 1340 2687 totam
1375 2646 1616 2694 mortalium,
1648 2646 1774 2685 vitam

289 2731 370 2772 sibi
419 2732 666 2784 ostenderet,
698 2733 871 2785 rogavit.
904 2731 1229 2784 Exspectatione
1262 2734 1401 2770 tamen
1435 2730 1598 2769 minora
1631 2741 1775 2782 reppe-

290 2816 363 2855 rit:
407 2815 582 2869 gloriam
626 2816 667 2854 in
702 2815 907 2868 palaestra
939 2814 1073 2854 multo
1107 2814 1258 2854 sudore
1292 2815 1554 2866 impetratam
1591 2815 1774 2852 contem-
