1934 3334
1019 345 1074 386 48

298 485 451 538 tinebo,
485 497 592 539 quae
624 497 647 524 a
679 485 780 525 viris
813 483 1030 525 nobilibus
1065 484 1236 526 defensa
1268 485 1319 526 ad
1346 488 1515 540 tempus
1545 485 1780 528 multorum

299 573 506 624 punctum
541 569 743 609 tulerunt.

358 655 400 695 F.
433 654 703 708 Fritzschius‚
735 655 781 694 in
813 652 1038 695 Lucianeis'
1071 654 1390 708 quaestionibus
1423 653 1627 708 habitans,
1655 667 1784 708 quam

301 739 533 780 meditandi
580 740 693 779 viam
745 739 921 793 scriptor
965 738 1200 791 confecerit,
1242 739 1301 780 sic
1345 737 1426 779 sibi
1466 737 1603 778 finxit.
1643 736 1786 778 Dialo-

298 836 401 877 gum
435 822 660 877 Nigrinum
698 835 771 876 pro
800 822 981 875 juvenili
1013 834 1137 876 opere
1165 822 1322 862 habens
1356 821 1593 862 Lucianum
1616 824 1782 862 mature

301 890 619 947 Platonicorum
664 907 898 960 praeceptis
944 905 1174 958 imbutum,
1218 905 1367 946 deinde
1410 905 1461 946 ad
1503 905 1786 959 scepticorum

303 990 535 1030 doctrinam
572 990 805 1044 delapsum,
838 993 1051 1043 postremo
1085 988 1258 1043 Epicuri
1291 988 1561 1042 opinionibus
1594 1000 1686 1030 sese
1718 987 1788 1028 ad-

306 1073 466 1114 dixisse
499 1073 657 1114 statuit.

361 1157 499 1197 Aliam
536 1156 839 1210 interpretandi
872 1156 984 1196 viam
1020 1156 1115 1196 iniit
1149 1168 1186 1195 v,
1221 1155 1256 1195 d.
1286 1154 1559 1208 Bernaysius‚
1587 1155 1659 1209 qui
1677 1154 1786 1196 libro

307 1239 491 1294 „Lucian
538 1239 626 1280 und
675 1239 741 1280 die
779 1238 991 1291 Cyniker’'
1026 1252 1099 1292 pro
1131 1242 1218 1279 tota
1249 1238 1363 1279 illius
1398 1242 1533 1280 sectae
1567 1238 1788 1292 disciplina

304 1336 477 1364 causam
509 1323 593 1377 egit
625 1325 664 1363 et
696 1321 974 1376 Peregrinum
1010 1321 1308 1375 philosophum
1328 1322 1505 1375 eiusque
1523 1321 1785 1375 discipulum

303 1407 566 1462 Theagenem
600 1406 649 1447 ab
684 1406 985 1447 obtrectatione
1018 1404 1195 1446 Luciani
1224 1406 1333 1446 tueri
1350 1408 1525 1446 conatus
1543 1408 1616 1446 est.
1634 1404 1789 1446 Neces-

305 1492 534 1533 situdinem
585 1494 741 1543 autem,
785 1503 892 1544 quae
933 1491 1042 1531 inter
1085 1490 1330 1544 scriptorem
1377 1492 1416 1530 et
1458 1490 1629 1541 cynicos
1661 1489 1790 1530 inter-

303 1574 462 1624 fuisset,
494 1587 593 1614 cum
628 1574 838 1627 explicare
871 1573 951 1614 sibi
984 1573 1284 1627 proposuisset,
1319 1571 1557 1613 Lucianum
1581 1572 1788 1625 juvenem

308 1672 332 1699 a
372 1659 489 1712 Jocis,
530 1670 636 1711 quos
669 1657 730 1697 illi
762 1658 807 1697 in
839 1656 1087 1710 religionem
1121 1655 1369 1709 popularem
1402 1658 1442 1696 et
1474 1656 1617 1696 inania
1649 1655 1789 1696 homi-

307 1756 414 1783 num
449 1742 587 1783 studia
614 1742 879 1794 conjicerent,
896 1753 981 1781 non
1000 1752 1196 1780 aversum
1215 1739 1347 1780 fuisse
1365 1739 1587 1781 conclusit.
1610 1737 1791 1793 „Aber,''

308 1831 355 1869 ut
401 1827 623 1879 Bernaysii
670 1826 879 1881 proferam
927 1825 1066 1878 verba,
1119 1825 1210 1877 „die
1256 1824 1667 1877 Freundlichkeiten,
1717 1824 1797 1864 mit

311 1911 445 1952 denen
493 1911 566 1951 der
613 1909 852 1963 Kynismus
901 1910 945 1950 in
996 1909 1075 1950 den
1122 1908 1322 1949 friiheren
1365 1908 1573 1950 Schriften
1612 1907 1794 1948 Lucians

310 1995 487 2037 bedacht
514 1995 630 2046 wird,
658 1994 807 2035 horten
836 1993 932 2034 bald
961 1992 1040 2034 auf.
1069 1992 1154 2034 Der
1182 1986 1434 2033 Entsohluss
1464 1992 1539 2032 ihn
1556 1992 1796 2046 schonung-

311 2081 374 2121 los
419 2093 472 2120 zu
519 2079 756 2133 bekriegen,
805 2078 969 2119 scheint
1018 2090 1091 2118 um
1146 2077 1211 2117 die
1259 2076 1363 2129 Zeit,
1409 2076 1469 2117 als
1518 2075 1681 2117 Lukian
1731 2075 1799 2116 die

317 2160 1007 2217 7,Philosophen-Versteigerung''
1055 2159 1399 2213 veroffentlichte,
1430 2158 1578 2214 gereift
1608 2172 1663 2199 zu
1695 2159 1799 2200 sein.

314 2246 528 2287 Wahrend
571 2246 663 2286 dort
706 2245 772 2286 die
815 2244 957 2286 Stifter
1003 2245 1075 2285 der
1117 2243 1297 2297 iibrigen
1340 2241 1801 2296 Philosophenschulen
1872 2287 1875 2290 ‚

314 2344 396 2371 nur
442 2331 565 2371 einen
607 2329 895 2370 scherzhaften
937 2328 1057 2382 Spott
1099 2328 1304 2381 erfahren,
1349 2327 1453 2367 wird
1494 2325 1705 2381 Diogenes
1740 2325 1801 2366 als

316 2414 458 2455 Stifter
491 2414 562 2454 des
593 2412 833 2465 Kynismus
868 2414 947 2453 mit
979 2412 1051 2453 der
1084 2410 1549 2465 verachtungsvollsten
1576 2409 1802 2450 Bitterkeit

317 2496 550 2537 behandelt.
578 2495 629 2536 In
658 2495 753 2536 dem
781 2494 933 2549 Dialog
964 2495 1063 2547 „der
1090 2493 1288 2535 Fischer’'
1304 2492 1417 2548 giebt
1435 2505 1478 2533 er
1495 2492 1603 2533 allen
1623 2491 1801 2546 librigen

315 2579 775 2633 Philosophenschulen
807 2580 900 2620 eine
933 2579 1012 2619 Art
1044 2591 1128 2619 von
1160 2577 1545 2631 Ehrenerklarung,
1579 2589 1660 2617 nur
1696 2575 1801 2616 Dio-

316 2678 445 2720 genes
495 2664 598 2704 Wird
642 2677 726 2704 von
775 2664 909 2705 dieser
955 2661 1321 2717 ausgenommen’'
1377 2661 1484 2716 (pag.
1532 2661 1587 2701 48
1630 2663 1671 2702 et
1712 2660 1802 2712 49).

318 2749 540 2800 Bernaysii
586 2759 682 2802 ergo
725 2749 866 2802 opinio
910 2748 945 2788 si
991 2746 1205 2801 probanda
1250 2748 1324 2796 est,
1364 2744 1577 2786 Lucianus
1611 2744 1804 2797 cynicos,

319 2845 418 2888 erga
463 2845 569 2886 quos
610 2835 730 2873 antea
771 2845 855 2873 non
898 2832 1044 2886 iniquo
1086 2830 1236 2872 fuisset
1279 2830 1434 2884 animo,
1474 2832 1568 2884 post
1597 2828 1798 2869 Vitarum
