<?xml version="1.0" encoding="UTF-8"?>
<!DOCTYPE html PUBLIC "-//W3C//DTD XHTML 1.0 Transitional//EN"
    "http://www.w3.org/TR/xhtml1/DTD/xhtml1-transitional.dtd">
<html xmlns="http://www.w3.org/1999/xhtml" xml:lang="en" lang="en">
 <head>
  <title>
</title>
<meta http-equiv="Content-Type" content="text/html;charset=utf-8" />
  <meta name='ocr-system' content='tesseract 3.04.00' />
  <meta name='ocr-capabilities' content='ocr_page ocr_carea ocr_par ocr_line ocrx_word'/>
</head>
<body>
  <div class='ocr_page' id='page_1' title='image "./studialucianea00bolduoft_0012.png"; bbox 0 0 1934 3334; ppageno 0'>
   <div class='ocr_carea' id='block_1_1' title="bbox 1034 327 1105 353">
    <p class='ocr_par' dir='ltr' id='par_1_1' title="bbox 1034 327 1105 353">
     <span class='ocr_line' id='line_1_1' title="bbox 1034 327 1105 353; baseline 0 -1"><span class='ocrx_word' id='word_1_1' title='bbox 1034 327 1105 353; x_wconf 73' lang='lat' dir='ltr'>Vll!</span> 
     </span>
    </p>
   </div>
   <div class='ocr_carea' id='block_1_2' title="bbox 1687 466 1746 499">
    <p class='ocr_par' dir='ltr' id='par_1_2' title="bbox 1687 466 1746 499">
     <span class='ocr_line' id='line_1_2' title="bbox 1687 466 1746 499; baseline 0 -7"><span class='ocrx_word' id='word_1_2' title='bbox 1687 466 1746 499; x_wconf 74' lang='lat' dir='ltr'>l&#39;ag.</span> 
     </span>
    </p>
   </div>
   <div class='ocr_carea' id='block_1_3' title="bbox 803 519 1345 562">
    <p class='ocr_par' dir='ltr' id='par_1_3' title="bbox 803 519 1345 562">
     <span class='ocr_line' id='line_1_3' title="bbox 803 519 1345 562; baseline 0.002 -1"><span class='ocrx_word' id='word_1_3' title='bbox 803 520 987 562; x_wconf 84' lang='lat' dir='ltr'>CAPUT</span> <span class='ocrx_word' id='word_1_4' title='bbox 1019 519 1345 562; x_wconf 85' lang='lat' dir='ltr'><strong>SECUNDUM.</strong></span> 
     </span>
    </p>
   </div>
   <div class='ocr_carea' id='block_1_4' title="bbox 760 632 1821 686">
    <p class='ocr_par' dir='ltr' id='par_1_4' title="bbox 760 632 1821 686">
     <span class='ocr_line' id='line_1_4' title="bbox 760 632 1821 686; baseline -0.001 -11"><span class='ocrx_word' id='word_1_5' title='bbox 760 632 829 675; x_wconf 87' lang='lat' dir='ltr'>De</span> <span class='ocrx_word' id='word_1_6' title='bbox 884 633 1102 686; x_wconf 82' lang='lat' dir='ltr'>operibus</span> <span class='ocrx_word' id='word_1_7' title='bbox 1152 632 1404 675; x_wconf 81' lang='lat' dir='ltr'>rhetoricis</span> <span class='ocrx_word' id='word_1_8' title='bbox 1459 667 1466 675; x_wconf 93' lang='lat'>.</span> <span class='ocrx_word' id='word_1_9' title='bbox 1531 666 1539 675; x_wconf 89' lang='lat'>.</span> <span class='ocrx_word' id='word_1_10' title='bbox 1605 634 1821 675; x_wconf 75' lang='lat' dir='ltr'>‚ao-46</span> 
     </span>
    </p>
   </div>
   <div class='ocr_carea' id='block_1_5' title="bbox 323 759 1616 1068">
    <p class='ocr_par' dir='ltr' id='par_1_5' title="bbox 334 759 1616 886">
     <span class='ocr_line' id='line_1_5' title="bbox 334 759 1616 815; baseline 0 -14"><span class='ocrx_word' id='word_1_11' title='bbox 334 761 369 800; x_wconf 89' lang='lat'>1.</span> <span class='ocrx_word' id='word_1_12' title='bbox 402 759 466 801; x_wconf 89' lang='lat' dir='ltr'>De</span> <span class='ocrx_word' id='word_1_13' title='bbox 517 760 670 801; x_wconf 82' lang='lat' dir='ltr'>studiis</span> <span class='ocrx_word' id='word_1_14' title='bbox 717 760 950 814; x_wconf 85' lang='lat' dir='ltr'>rhetoricis,</span> <span class='ocrx_word' id='word_1_15' title='bbox 998 773 1106 815; x_wconf 88' lang='lat' dir='ltr'>quae</span> <span class='ocrx_word' id='word_1_16' title='bbox 1151 761 1466 802; x_wconf 72' lang='lat' dir='ltr'>Antoninorum</span> <span class='ocrx_word' id='word_1_17' title='bbox 1515 772 1616 802; x_wconf 84' lang='lat' dir='ltr'>aevo</span> 
     </span>
     <span class='ocr_line' id='line_1_6' title="bbox 391 844 607 886; baseline 0 -1"><span class='ocrx_word' id='word_1_18' title='bbox 391 844 607 886; x_wconf 87' lang='lat' dir='ltr'>florebant.</span> 
     </span>
    </p>

    <p class='ocr_par' dir='ltr' id='par_1_6' title="bbox 323 928 1611 984">
     <span class='ocr_line' id='line_1_7' title="bbox 323 928 1611 984; baseline 0 -14"><span class='ocrx_word' id='word_1_19' title='bbox 323 931 362 970; x_wconf 79' lang='lat'>2.</span> <span class='ocrx_word' id='word_1_20' title='bbox 394 928 457 971; x_wconf 91' lang='lat' dir='ltr'>De</span> <span class='ocrx_word' id='word_1_21' title='bbox 483 929 663 970; x_wconf 86' lang='lat' dir='ltr'>Luciani</span> <span class='ocrx_word' id='word_1_22' title='bbox 697 929 896 984; x_wconf 88' lang='lat' dir='ltr'>operibus</span> <span class='ocrx_word' id='word_1_23' title='bbox 914 930 1133 970; x_wconf 87' lang='lat' dir='ltr'>rhetoricis</span> <span class='ocrx_word' id='word_1_24' title='bbox 1152 930 1444 970; x_wconf 74' lang='lat' dir='ltr'>annotationes</span> <span class='ocrx_word' id='word_1_25' title='bbox 1461 930 1611 971; x_wconf 85' lang='lat' dir='ltr'>variae.</span> 
     </span>
    </p>

    <p class='ocr_par' dir='ltr' id='par_1_7' title="bbox 327 1012 1612 1068">
     <span class='ocr_line' id='line_1_8' title="bbox 327 1012 1612 1068; baseline 0 -14"><span class='ocrx_word' id='word_1_26' title='bbox 327 1015 362 1054; x_wconf 85' lang='lat'>3.</span> <span class='ocrx_word' id='word_1_27' title='bbox 397 1012 461 1055; x_wconf 90' lang='lat' dir='ltr'>De</span> <span class='ocrx_word' id='word_1_28' title='bbox 504 1013 724 1054; x_wconf 71' lang='lat' dir='ltr'>Toxaridis</span> <span class='ocrx_word' id='word_1_29' title='bbox 756 1012 897 1054; x_wconf 83' lang='lat' dir='ltr'>fabula</span> <span class='ocrx_word' id='word_1_30' title='bbox 931 1014 1066 1068; x_wconf 88' lang='lat' dir='ltr'>prima</span> <span class='ocrx_word' id='word_1_31' title='bbox 1099 1016 1138 1054; x_wconf 83' lang='lat' dir='ltr'>ct</span> <span class='ocrx_word' id='word_1_32' title='bbox 1171 1013 1222 1054; x_wconf 91' lang='lat' dir='ltr'>do</span> <span class='ocrx_word' id='word_1_33' title='bbox 1253 1015 1426 1063; x_wconf 81' lang='lat' dir='ltr'>ratione,</span> <span class='ocrx_word' id='word_1_34' title='bbox 1460 1026 1544 1067; x_wconf 88' lang='lat' dir='ltr'>qua</span> <span class='ocrx_word' id='word_1_35' title='bbox 1573 1027 1612 1054; x_wconf 77' lang='lat' dir='ltr'>v,</span> 
     </span>
    </p>
   </div>
   <div class='ocr_carea' id='block_1_6' title="bbox 401 1097 1302 1139">
    <p class='ocr_par' dir='ltr' id='par_1_8' title="bbox 401 1097 1302 1139">
     <span class='ocr_line' id='line_1_9' title="bbox 401 1097 1302 1139; baseline 0 -1"><span class='ocrx_word' id='word_1_36' title='bbox 401 1098 451 1138; x_wconf 89' lang='lat' dir='ltr'>cl.</span> <span class='ocrx_word' id='word_1_37' title='bbox 486 1097 676 1139; x_wconf 84' lang='lat' dir='ltr'>Kockius</span> <span class='ocrx_word' id='word_1_38' title='bbox 709 1099 892 1139; x_wconf 88' lang='lat' dir='ltr'>comicos</span> <span class='ocrx_word' id='word_1_39' title='bbox 925 1110 1074 1139; x_wconf 87' lang='lat' dir='ltr'>versus</span> <span class='ocrx_word' id='word_1_40' title='bbox 1105 1098 1302 1139; x_wconf 82' lang='lat' dir='ltr'>restituit.</span> 
     </span>
    </p>
   </div>
   <div class='ocr_carea' id='block_1_7' title="bbox 839 1321 1313 1363">
    <p class='ocr_par' dir='ltr' id='par_1_9' title="bbox 839 1321 1313 1363">
     <span class='ocr_line' id='line_1_10' title="bbox 839 1321 1313 1363; baseline 0.002 -1"><span class='ocrx_word' id='word_1_41' title='bbox 839 1321 1022 1363; x_wconf 80' lang='lat' dir='ltr'><strong>CAPUT</strong></span> <span class='ocrx_word' id='word_1_42' title='bbox 1053 1321 1313 1363; x_wconf 83' lang='lat' dir='ltr'>TERTIUM.</span> 
     </span>
    </p>
   </div>
   <div class='ocr_carea' id='block_1_8' title="bbox 453 1431 1813 1649">
    <p class='ocr_par' dir='ltr' id='par_1_10' title="bbox 453 1431 1813 1649">
     <span class='ocr_line' id='line_1_11' title="bbox 453 1431 1698 1488; baseline 0.003 -15"><span class='ocrx_word' id='word_1_43' title='bbox 453 1431 521 1474; x_wconf 87' lang='lat' dir='ltr'>De</span> <span class='ocrx_word' id='word_1_44' title='bbox 555 1432 752 1485; x_wconf 81' lang='lat' dir='ltr'>dialogis</span> <span class='ocrx_word' id='word_1_45' title='bbox 787 1433 976 1475; x_wconf 78' lang='lat' dir='ltr'>comicis</span> <span class='ocrx_word' id='word_1_46' title='bbox 1013 1434 1060 1475; x_wconf 79' lang='lat' dir='ltr'>et</span> <span class='ocrx_word' id='word_1_47' title='bbox 1093 1434 1310 1487; x_wconf 78' lang='lat' dir='ltr'>satiricis,</span> <span class='ocrx_word' id='word_1_48' title='bbox 1346 1434 1396 1476; x_wconf 89' lang='lat' dir='ltr'>in</span> <span class='ocrx_word' id='word_1_49' title='bbox 1433 1435 1601 1488; x_wconf 84' lang='lat' dir='ltr'>quihus</span> <span class='ocrx_word' id='word_1_50' title='bbox 1635 1434 1698 1488; x_wconf 86' lang='lat' dir='ltr'>di,</span> 
     </span>
     <span class='ocr_line' id='line_1_12' title="bbox 612 1513 1519 1567; baseline 0.003 -12"><span class='ocrx_word' id='word_1_51' title='bbox 612 1513 894 1567; x_wconf 71' lang='lat' dir='ltr'>philosophi,</span> <span class='ocrx_word' id='word_1_52' title='bbox 932 1514 1175 1556; x_wconf 84' lang='lat' dir='ltr'>hominum</span> <span class='ocrx_word' id='word_1_53' title='bbox 1214 1528 1330 1557; x_wconf 78' lang='lat' dir='ltr'>vana</span> <span class='ocrx_word' id='word_1_54' title='bbox 1364 1516 1519 1558; x_wconf 81' lang='lat' dir='ltr'>studia</span> 
     </span>
     <span class='ocr_line' id='line_1_13' title="bbox 937 1597 1813 1649; baseline 0.005 -11"><span class='ocrx_word' id='word_1_55' title='bbox 937 1597 1195 1649; x_wconf 82' lang='lat' dir='ltr'>carpuntur</span> <span class='ocrx_word' id='word_1_56' title='bbox 1252 1633 1548 1642; x_wconf 90' lang='grc'><strong>.....</strong></span> <span class='ocrx_word' id='word_1_57' title='bbox 1639 1601 1813 1642; x_wconf 82' lang='lat'>47—95</span> 
     </span>
    </p>
   </div>
   <div class='ocr_carea' id='block_1_9' title="bbox 320 1704 1556 2752">
    <p class='ocr_par' dir='ltr' id='par_1_11' title="bbox 326 1704 1260 1762">
     <span class='ocr_line' id='line_1_14' title="bbox 326 1704 1260 1762; baseline 0.003 -17"><span class='ocrx_word' id='word_1_58' title='bbox 326 1706 362 1746; x_wconf 87' lang='lat'>1.</span> <span class='ocrx_word' id='word_1_59' title='bbox 394 1704 458 1747; x_wconf 89' lang='lat' dir='ltr'>De</span> <span class='ocrx_word' id='word_1_60' title='bbox 490 1707 677 1747; x_wconf 77' lang='lat' dir='ltr'>virorum</span> <span class='ocrx_word' id='word_1_61' title='bbox 715 1706 931 1748; x_wconf 86' lang='lat' dir='ltr'>doctorum</span> <span class='ocrx_word' id='word_1_62' title='bbox 968 1707 1260 1762; x_wconf 76' lang='lat' dir='ltr'>discrepantia.</span> 
     </span>
    </p>

    <p class='ocr_par' dir='ltr' id='par_1_12' title="bbox 328 1789 1556 1931">
     <span class='ocr_line' id='line_1_15' title="bbox 328 1789 1556 1848; baseline 0.003 -17"><span class='ocrx_word' id='word_1_63' title='bbox 328 1792 365 1831; x_wconf 80' lang='lat'>2.</span> <span class='ocrx_word' id='word_1_64' title='bbox 398 1789 461 1839; x_wconf 80' lang='lat' dir='ltr'>De</span> <span class='ocrx_word' id='word_1_65' title='bbox 494 1791 710 1833; x_wconf 84' lang='lat' dir='ltr'>Piscatore</span> <span class='ocrx_word' id='word_1_66' title='bbox 745 1795 785 1833; x_wconf 85' lang='lat' dir='ltr'>ot</span> <span class='ocrx_word' id='word_1_67' title='bbox 816 1792 891 1833; x_wconf 88' lang='lat' dir='ltr'>Bis</span> <span class='ocrx_word' id='word_1_68' title='bbox 923 1793 1148 1834; x_wconf 86' lang='lat' dir='ltr'>Accusato.</span> <span class='ocrx_word' id='word_1_69' title='bbox 1184 1792 1422 1847; x_wconf 80' lang='lat' dir='ltr'>Quaeritur,</span> <span class='ocrx_word' id='word_1_70' title='bbox 1454 1794 1556 1848; x_wconf 89' lang='lat' dir='ltr'>quid</span> 
     </span>
     <span class='ocr_line' id='line_1_16' title="bbox 398 1875 1551 1931; baseline 0.003 -16"><span class='ocrx_word' id='word_1_71' title='bbox 398 1875 614 1916; x_wconf 87' lang='lat' dir='ltr'>Lucianus</span> <span class='ocrx_word' id='word_1_72' title='bbox 643 1877 693 1917; x_wconf 92' lang='lat' dir='ltr'>de</span> <span class='ocrx_word' id='word_1_73' title='bbox 722 1877 987 1931; x_wconf 79' lang='lat' dir='ltr'>philosophia</span> <span class='ocrx_word' id='word_1_74' title='bbox 1014 1881 1054 1918; x_wconf 86' lang='lat' dir='ltr'>ct</span> <span class='ocrx_word' id='word_1_75' title='bbox 1072 1878 1122 1918; x_wconf 91' lang='lat' dir='ltr'>de</span> <span class='ocrx_word' id='word_1_76' title='bbox 1138 1878 1345 1919; x_wconf 87' lang='lat' dir='ltr'>rhetorica</span> <span class='ocrx_word' id='word_1_77' title='bbox 1363 1880 1551 1920; x_wconf 76' lang='lat' dir='ltr'>senserit.</span> 
     </span>
    </p>

    <p class='ocr_par' dir='ltr' id='par_1_13' title="bbox 326 1958 1552 2099">
     <span class='ocr_line' id='line_1_17' title="bbox 326 1958 1552 2016; baseline 0.002 -16"><span class='ocrx_word' id='word_1_78' title='bbox 326 1961 361 2000; x_wconf 85' lang='lat'>3.</span> <span class='ocrx_word' id='word_1_79' title='bbox 395 1958 458 2000; x_wconf 91' lang='lat' dir='ltr'>De</span> <span class='ocrx_word' id='word_1_80' title='bbox 492 1960 668 2014; x_wconf 79' lang='lat' dir='ltr'>dialogis</span> <span class='ocrx_word' id='word_1_81' title='bbox 695 1963 817 2001; x_wconf 87' lang='lat' dir='ltr'>antea</span> <span class='ocrx_word' id='word_1_82' title='bbox 846 1961 1039 2014; x_wconf 87' lang='lat' dir='ltr'>editis,in</span> <span class='ocrx_word' id='word_1_83' title='bbox 1062 1961 1218 2015; x_wconf 83' lang='lat' dir='ltr'>quibus</span> <span class='ocrx_word' id='word_1_84' title='bbox 1236 1963 1401 2016; x_wconf 85' lang='lat' dir='ltr'>antiqui</span> <span class='ocrx_word' id='word_1_85' title='bbox 1420 1962 1552 2016; x_wconf 89' lang='lat' dir='ltr'>philo-</span> 
     </span>
     <span class='ocr_line' id='line_1_18' title="bbox 396 2044 1548 2099; baseline 0.002 -15"><span class='ocrx_word' id='word_1_86' title='bbox 396 2044 515 2097; x_wconf 87' lang='lat' dir='ltr'>sophi</span> <span class='ocrx_word' id='word_1_87' title='bbox 538 2045 845 2098; x_wconf 81' lang='lat' dir='ltr'>vituperantur,</span> <span class='ocrx_word' id='word_1_88' title='bbox 862 2046 954 2098; x_wconf 88' lang='lat' dir='ltr'>ipsa</span> <span class='ocrx_word' id='word_1_89' title='bbox 972 2045 1236 2099; x_wconf 88' lang='lat' dir='ltr'>philosophia</span> <span class='ocrx_word' id='word_1_90' title='bbox 1254 2047 1548 2086; x_wconf 84' lang='lat' dir='ltr'>contemnitur.</span> 
     </span>
    </p>

    <p class='ocr_par' dir='ltr' id='par_1_14' title="bbox 321 2125 1548 2184">
     <span class='ocr_line' id='line_1_19' title="bbox 321 2125 1548 2184; baseline 0.003 -18"><span class='ocrx_word' id='word_1_91' title='bbox 321 2127 359 2166; x_wconf 77' lang='lat'>4.</span> <span class='ocrx_word' id='word_1_92' title='bbox 393 2125 455 2167; x_wconf 91' lang='lat' dir='ltr'>De</span> <span class='ocrx_word' id='word_1_93' title='bbox 493 2126 660 2181; x_wconf 85' lang='lat' dir='ltr'>Nigrini</span> <span class='ocrx_word' id='word_1_94' title='bbox 693 2128 922 2181; x_wconf 84' lang='lat' dir='ltr'>authentia,</span> <span class='ocrx_word' id='word_1_95' title='bbox 955 2129 1142 2182; x_wconf 90' lang='lat' dir='ltr'>consilio,</span> <span class='ocrx_word' id='word_1_96' title='bbox 1175 2129 1342 2183; x_wconf 81' lang='lat' dir='ltr'>duplice</span> <span class='ocrx_word' id='word_1_97' title='bbox 1376 2130 1548 2184; x_wconf 83' lang='lat' dir='ltr'>origine.</span> 
     </span>
    </p>

    <p class='ocr_par' dir='ltr' id='par_1_15' title="bbox 323 2208 1549 2336">
     <span class='ocr_line' id='line_1_20' title="bbox 323 2208 1549 2266; baseline 0.005 -18"><span class='ocrx_word' id='word_1_98' title='bbox 323 2210 361 2249; x_wconf 80' lang='lat'>5.</span> <span class='ocrx_word' id='word_1_99' title='bbox 393 2208 456 2251; x_wconf 90' lang='lat' dir='ltr'>De</span> <span class='ocrx_word' id='word_1_100' title='bbox 499 2210 687 2264; x_wconf 82' lang='lat' dir='ltr'>dialogis,</span> <span class='ocrx_word' id='word_1_101' title='bbox 729 2212 770 2251; x_wconf 87' lang='lat' dir='ltr'>in</span> <span class='ocrx_word' id='word_1_102' title='bbox 807 2212 962 2265; x_wconf 89' lang='lat' dir='ltr'>quibus</span> <span class='ocrx_word' id='word_1_103' title='bbox 997 2217 1247 2266; x_wconf 85' lang='lat' dir='ltr'>argumenta</span> <span class='ocrx_word' id='word_1_104' title='bbox 1276 2214 1435 2254; x_wconf 86' lang='lat' dir='ltr'>comica</span> <span class='ocrx_word' id='word_1_105' title='bbox 1467 2212 1549 2254; x_wconf 88' lang='lat' dir='ltr'>Lu-</span> 
     </span>
     <span class='ocr_line' id='line_1_21' title="bbox 394 2294 1075 2336; baseline 0.004 -4"><span class='ocrx_word' id='word_1_106' title='bbox 394 2294 541 2333; x_wconf 89' lang='lat' dir='ltr'>cianus</span> <span class='ocrx_word' id='word_1_107' title='bbox 573 2296 865 2336; x_wconf 87' lang='lat' dir='ltr'>retractavisse</span> <span class='ocrx_word' id='word_1_108' title='bbox 899 2295 1075 2336; x_wconf 85' lang='lat' dir='ltr'>videtur.</span> 
     </span>
    </p>

    <p class='ocr_par' dir='ltr' id='par_1_16' title="bbox 321 2375 1545 2502">
     <span class='ocr_line' id='line_1_22' title="bbox 321 2375 1545 2435; baseline 0.006 -20"><span class='ocrx_word' id='word_1_109' title='bbox 321 2376 357 2415; x_wconf 83' lang='grc'>6.</span> <span class='ocrx_word' id='word_1_110' title='bbox 391 2375 453 2417; x_wconf 93' lang='lat' dir='ltr'>De</span> <span class='ocrx_word' id='word_1_111' title='bbox 484 2377 673 2432; x_wconf 78' lang='lat' dir='ltr'>dialogis,</span> <span class='ocrx_word' id='word_1_112' title='bbox 700 2380 742 2418; x_wconf 88' lang='lat' dir='ltr'>in</span> <span class='ocrx_word' id='word_1_113' title='bbox 774 2379 931 2433; x_wconf 85' lang='lat' dir='ltr'>quibus</span> <span class='ocrx_word' id='word_1_114' title='bbox 959 2380 1111 2434; x_wconf 88' lang='lat' dir='ltr'>placita</span> <span class='ocrx_word' id='word_1_115' title='bbox 1133 2379 1356 2435; x_wconf 88' lang='lat' dir='ltr'>Menippea</span> <span class='ocrx_word' id='word_1_116' title='bbox 1374 2393 1545 2422; x_wconf 87' lang='lat' dir='ltr'>cernere</span> 
     </span>
     <span class='ocr_line' id='line_1_23' title="bbox 392 2461 499 2502; baseline 0.009 -2"><span class='ocrx_word' id='word_1_117' title='bbox 392 2461 499 2502; x_wconf 85' lang='lat' dir='ltr'>licet.</span> 
     </span>
    </p>

    <p class='ocr_par' dir='ltr' id='par_1_17' title="bbox 320 2542 1543 2680">
     <span class='ocr_line' id='line_1_24' title="bbox 320 2542 1543 2600; baseline 0.005 -17"><span class='ocrx_word' id='word_1_118' title='bbox 320 2544 355 2583; x_wconf 83' lang='lat'>7.</span> <span class='ocrx_word' id='word_1_119' title='bbox 389 2542 452 2584; x_wconf 91' lang='lat' dir='ltr'>De</span> <span class='ocrx_word' id='word_1_120' title='bbox 501 2544 688 2599; x_wconf 86' lang='lat' dir='ltr'>dialogis,</span> <span class='ocrx_word' id='word_1_121' title='bbox 732 2547 775 2586; x_wconf 84' lang='lat' dir='ltr'>in</span> <span class='ocrx_word' id='word_1_122' title='bbox 821 2546 978 2600; x_wconf 86' lang='lat' dir='ltr'>quibus</span> <span class='ocrx_word' id='word_1_123' title='bbox 1021 2547 1149 2588; x_wconf 74' lang='lat' dir='ltr'>verba</span> <span class='ocrx_word' id='word_1_124' title='bbox 1192 2549 1340 2600; x_wconf 60' lang='lat' dir='ltr'>cynica</span> <span class='ocrx_word' id='word_1_125' title='bbox 1373 2549 1543 2590; x_wconf 87' lang='lat' dir='ltr'>comicis</span> 
     </span>
     <span class='ocr_line' id='line_1_25' title="bbox 395 2627 880 2680; baseline 0.008 -14"><span class='ocrx_word' id='word_1_126' title='bbox 395 2628 587 2680; x_wconf 90' lang='lat' dir='ltr'>personis</span> <span class='ocrx_word' id='word_1_127' title='bbox 620 2627 880 2670; x_wconf 84' lang='lat' dir='ltr'>tribuuntur.</span> 
     </span>
    </p>

    <p class='ocr_par' dir='ltr' id='par_1_18' title="bbox 320 2708 631 2752">
     <span class='ocr_line' id='line_1_26' title="bbox 320 2708 631 2752; baseline 0.01 -3"><span class='ocrx_word' id='word_1_128' title='bbox 320 2710 367 2750; x_wconf 78' lang='lat'>8-</span> <span class='ocrx_word' id='word_1_129' title='bbox 389 2708 631 2752; x_wconf 78' lang='lat' dir='ltr'>Conclusio,</span> 
     </span>
    </p>
   </div>
  </div>
 </body>
</html>
