1934 3334
871 340 923 379 75

253 478 289 518 1.
350 478 493 532 (1—7)
554 478 794 533 Monologia
822 478 1021 520 Timonis.

249 561 286 601 2.
348 561 521 614 (7—11)
552 561 720 616 Jupiter
750 565 790 603 et
821 561 1058 604 Mercurius
1089 563 1131 603 in
1166 562 1280 604 coelo
1317 560 1577 617 (θεολογείῳ).

251 645 287 685 3.
320 645 521 698 (li-19)
552 645 731 700 Jupiter,
756 645 1005 700 Mercurius,
1035 646 1199 688 Plutus.

250 729 288 767 4.
322 728 524 781 (19—31)
557 728 810 782 Mercurius,
843 729 997 770 Plutus
1029 730 1074 769 in
1104 730 1173 770 via
1204 729 1460 770 altercantes.

253 810 288 850 5.
323 811 523 863 (31—34)
555 810 805 864 Mercurius,
837 811 1004 865 Plutus,
1034 811 1165 852 Penia
1201 811 1589 866 (παραχορήγημα).

252 893 288 934 6.
320 895 522 946 (34—41)
555 894 804 947 Mercurius,
837 895 1003 948 Plutus,
1033 895 1192 936 Timon.

252 977 287 1017 7.
321 968 524 1030 (41—476)
555 978 704 1018 Timon
735 979 981 1019 thesaurum
1014 979 1186 1019 invenit.

251 1062 276 1101 8
378 1061 462 1112 (46)
551 1061 709 1114 Timon,
743 1060 1028 1102 Gnathonides
1110 1068 1396 1117 Comparandae
1423 1079 1511 1105 cum
1539 1068 1642 1106 Aris-

284 1178 292 1185 .
336 1145 419 1198 (47,
451 1146 521 1198 48)
556 1145 716 1197 Timon,
748 1145 959 1186 Philiades
1109 1129 1641 1229 wlff-hPaQ7151553315265·

225 1228 289 1269 10.
322 1228 523 1280 (49—54)
554 1228 713 1281 Timon,
744 1227 924 1270 Demeas
1110 1203 1331 1301 &OC—gal),
1371 1220 1643 1301 wls-1633,

224 1311 289 1351 11.
321 1312 523 1364 (54-58)
554 1311 713 1365 Timon,
743 1312 990 1364 Thrasycles
1242 1314 1514 1351 1048—1068.

223 1477 386 1519 Deinde
431 1477 591 1530 (Timon
637 1478 705 1528 30)
748 1477 891 1531 legens
933 1475 976 1523 ἤν
1018 1492 1065 1527 γε
1095 1476 1290 1529 ἀπολίπῃς
1323 1493 1386 1528 με,
1420 1476 1644 1529 ’Ὑπερβόλῳ

165 1560 280 1612 τάχα
307 1559 327 1608 ἢ
356 1559 498 1601 Κλέωνι
524 1560 773 1610 ἐμπεσοῦμαι
799 1562 1020 1612 περινοστῶν
1048 1564 1089 1601 et
1116 1556 1141 1600 ὦ
1170 1560 1408 1612 δημοκρατία
1434 1559 1502 1601 καὶ
1530 1559 1645 1614 νόμοι,

166 1642 359 1695 παιόμεθα
403 1643 475 1685 ὑπὸ
515 1645 581 1684 τοῦ
624 1642 844 1695 καταράτου
875 1644 912 1684 ἐν
944 1642 1117 1696 ἐλευθέρα
1148 1648 1194 1695 τῇ
1228 1644 1334 1685 πόλει
1367 1644 1468 1698 (57),
1500 1644 1645 1685 nullus

161 1730 247 1783 jam
292 1728 449 1782 dubito,
491 1729 594 1782 quin
638 1729 681 1768 in
715 1728 953 1769 Atticorum
987 1729 1212 1782 comoedia,
1241 1741 1379 1782 neque
1411 1729 1647 1769 Antonino-

166 1826 261 1854 rum
294 1825 395 1854 aevo
427 1824 657 1853 versemur.

224 1896 299 1937 III.
335 1895 451 1945 Quae
483 1896 533 1937 de
559 1896 892 1938 Meretriciorum
920 1895 1193 1951 Dialogorum
1220 1900 1260 1939 et
1286 1897 1470 1938 Timonis
1488 1897 1648 1951 origine

165 1982 377 2035 proposui,
425 1993 569 2021 omnes
616 1980 791 2022 lectores
840 1980 944 2020 mihi
991 1982 1184 2022 assentiri
1230 1981 1375 2032 credo3
1424 1982 1460 2022 si
1508 1984 1646 2021 tamen

165 2062 347 2105 Deorum
392 2066 429 2104 et
474 2063 745 2104 Marmorum
792 2063 970 2116 dialoyos
1016 2077 1102 2104 non
1150 2064 1200 2105 ab
1249 2077 1296 2105 eo
1347 2064 1507 2105 affirmo
1556 2076 1647 2106 esse

167 2148 354 2200 scriptos,
399 2148 471 2201 qui
516 2160 612 2188 cum
657 2147 744 2188 deis
787 2146 942 2188 bellum
976 2148 1281 2189 internecivum
1317 2151 1490 2202 gereret,
1522 2149 1593 2189 sed
1626 2162 1649 2189 a

167 2230 393 2284 rhetorel),
441 2232 513 2285 qui
560 2232 816 2271 comicorum
851 2231 1044 2285 exempla
1074 2233 1320 2285 imitaretur,
1353 2232 1474 2273 multi
1507 2233 1648 2273 statim

167 2313 485 2355 exclamabunt:
539 2313 676 2367 „Quid
724 2314 774 2355 de
821 2315 988 2355 satirico
1035 2314 1223 2356 Luciano
1264 2319 1403 2369 restat,
1447 2317 1483 2357 si
1524 2330 1648 2371 argu-

168 2402 309 2439 menta
355 2396 541 2439 Deorum
574 2396 848 2452 Dialogorum
884 2411 968 2439 non
999 2400 1089 2453 ipse
1121 2400 1387 2453 excogitavit,
1420 2400 1491 2441 sed
1523 2401 1650 2441 comi-

170 2495 313 2524 corum
352 2481 506 2523 fabulis
546 2481 697 2523 debet?
739 2481 985 2536 Numquam
1019 2483 1239 2524 credemus
1270 2483 1342 2524 illa
1375 2496 1509 2537 opera,
1543 2497 1652 2538 quae

172 2580 195 2607 a
241 2566 577 2619 Byzantinorum
624 2569 756 2607 aetate
804 2567 925 2620 quasi
971 2566 1200 2620 perfectum
1247 2565 1447 2608 Lucianei
1492 2568 1652 2622 ingenii

215 2770 250 2813 1)
280 2771 378 2803 Recte
403 2771 562 2803 Rohdeus
585 2770 732 2812 (Griech.
759 2771 857 2803 Rom.
882 2781 914 2812 p.
936 2769 1012 2813 191)
1035 2771 1075 2803 de
1098 2770 1235 2812 dialogis
1255 2771 1400 2811 judicat:
1429 2771 1523 2814 „eine
1544 2771 1648 2803 ziem-

173 2832 240 2864 lich
262 2832 348 2864 leere
372 2831 601 2874 Verspottung
624 2832 715 2864 einos
741 2832 851 2874 liingst
874 2832 1092 2864 erstorbenen
1117 2831 1430 2874 Gotterglaubens3⁷
