1934 3334
841 353 892 392 57

189 491 365 533 Ratione
397 505 494 546 ergo
528 495 776 547 computata,
808 491 1013 534 habemus
1044 493 1120 533 hos
1152 495 1321 547 septem,
1353 493 1425 546 qui
1443 505 1607 546 praece-

129 575 247 628 dunt,
279 575 486 629 dialogos:
519 574 718 629 Dialogos
749 574 1026 628 Mortuorum,
1054 575 1310 630 Menippum,
1327 575 1606 629 Icaromenip-

128 671 242 712 pum,
293 657 536 712 Charonem,
568 658 720 700 Jovem
750 659 1026 713 Trogoedum,
1057 658 1380 707 Hermotimum,
1411 659 1606 701 Vitarum

130 741 394 782 Auctionem.

188 823 418 866 Videamus
463 836 591 878 nunc,
639 828 846 879 quantum
889 826 1102 880 scriptoris
1137 827 1187 867 de
1219 827 1482 881 philosophia
1514 840 1606 868 sen-

129 909 283 949 tentiae
313 909 357 948 in
389 908 454 950 his
488 909 664 963 dialogis
695 910 944 963 propositae,
977 909 1131 950 distent
1161 909 1212 950 ab
1244 899 1445 964 iis,⁴quas
1479 924 1606 965 supra

128 992 172 1032 in
218 990 292 1032 Bis
338 992 549 1032 Accusato
582 995 622 1033 et
653 993 696 1032 in
734 992 946 1033 Piscatore
979 994 1265 1047 cognovimus.
1300 993 1528 1035 Charonem
1564 995 1606 1034 in

130 1074 280 1115 studiis
337 1075 575 1116 mortalium
628 1076 946 1117 contemnendis
993 1079 1239 1130 versantem,
1286 1080 1412 1131 atque
1457 1077 1608 1119 Jovem

129 1158 402 1213 Tragoedum,
459 1158 532 1199 ubi
579 1160 757 1214 scriptor
802 1159 968 1201 fabulas
1018 1160 1191 1201 deorum
1241 1160 1425 1202 ludibrio
1475 1163 1609 1215 vertit,

130 1241 295 1283 silentio
344 1247 664 1296 praetereamus,
715 1243 813 1296 quia
860 1243 912 1283 ad
961 1246 1151 1284 nostrum
1199 1245 1461 1298 propositum
1502 1245 1608 1286 nihil

132 1326 319 1366 attinent.
375 1310 378 1315 '

191 1407 389 1462 Quinque
438 1421 534 1463 ergo
582 1411 739 1449 restant
784 1408 893 1462 libri,
942 1422 995 1450 ex
1044 1423 1224 1463 quorum
1266 1425 1442 1453 numero
1486 1413 1609 1466 primi

133 1492 301 1547 Dialogi
332 1492 595 1534 Mortuerum
629 1496 729 1534 sunt
760 1493 952 1535 adeundi.
986 1493 1198 1535 Socratem
1217 1495 1327 1545 (dial.
1348 1496 1608 1547 21),Aristo-

132 1576 255 1618 telem
291 1576 400 1628 (dial.
422 1578 502 1630 13),
527 1576 820 1631 Pythagoram,
838 1576 1145 1631 Empedoclem,
1162 1578 1379 1620 Platonem
1398 1579 1508 1630 (dial.
1529 1580 1609 1632 20),

133 1661 328 1702 satiricus
371 1661 612 1713 cavillatur,
656 1660 803 1714 Cynici
835 1674 934 1702 vero
967 1662 1044 1703 soli
1076 1662 1185 1715 (dial.
1221 1663 1271 1702 11
1307 1666 1348 1704 et
1380 1663 1450 1716 27)
1487 1663 1610 1704 laude

133 1745 249 1799 digni
280 1748 491 1799 putantur.

191 1827 240 1868 In
288 1827 481 1869 Vitarum
528 1829 738 1870 Auctione
786 1841 931 1870 omnes
973 1829 1259 1883 philosophiae
1292 1831 1525 1885 magistros,
1558 1845 1610 1872 ne

131 1910 319 1965 Diogene
367 1911 536 1965 quidem
579 1915 766 1966 excepto,
809 1913 929 1966 quasi
963 1913 1189 1953 vilissimos
1223 1926 1364 1955 servos
1396 1912 1610 1956 Lucianus

131 1996 274 2036 venire
304 1995 446 2049 fingit,
479 1996 722 2050 Aristippus
751 1999 891 2037 autem
918 1997 976 2036 ita
1003 1996 1200 2037 omnibus
1218 1998 1352 2038 caruit
1369 1998 1612 2052 virtutibus,

131 2082 179 2120 ut
225 2079 442 2120 dominum
490 2079 664 2133 adipisci
711 2092 796 2120 non
841 2083 990 2134 posset.
1024 2080 1254 2121 Versamur
1286 2082 1376 2122 sine
1408 2081 1534 2122 dubio
1567 2083 1610 2122 in
1655 2072 1657 2075 ¹

133 2161 380 2203 scurrilibus
421 2163 540 2216 Jocis,
590 2176 695 2216 quos
744 2162 899 2203 Comici
945 2164 1042 2204 olim
1086 2167 1229 2205 contra
1262 2165 1533 2219 philosophos
1566 2167 1609 2206 in

134 2257 302 2286 scenam
349 2245 532 2299 proferre
577 2245 827 2300 gaudebant,
875 2250 1018 2288 contra
1060 2247 1325 2289 Mortuorum
1359 2247 1536 2303 Dialogi,
1567 2251 1608 2290 in

135 2327 290 2382 quibus
324 2329 500 2382 scriptor
527 2328 626 2369 solis
660 2328 831 2381 Cynicis
858 2331 1051 2384 pepercit,
1079 2330 1130 2371 ad
1147 2330 1390 2385 Menippeas
1407 2331 1610 2373 referendi

134 2415 234 2453 sunt
268 2412 424 2453 satiras.

192 2493 341 2548 Neque
387 2496 478 2548 ipsa
523 2495 785 2549 philosophia
816 2509 839 2536 a
871 2496 964 2537 telis
998 2509 1019 2537 e
1053 2496 1319 2538 Comicorum
1353 2501 1392 2539 et
1426 2498 1611 2554 Menippi

135 2580 456 2619 armamentario
505 2580 684 2633 sumptis
730 2583 820 2620 tuta
867 2582 1032 2633 mansit,
1081 2582 1252 2621 cumin
1286 2581 1613 2637 Icaromenippo,

136 2661 345 2716 Menippo,
392 2661 653 2703 Hermotimo
700 2676 910 2703 summam
959 2664 1173 2704 veritatem
1222 2664 1470 2706 mortalibus
1503 2666 1614 2707 haud

137 2746 399 2799 perspicuam
447 2758 538 2787 esse
585 2746 887 2787 demonstraret
935 2750 974 2787 et
1021 2747 1229 2801 omnibus,
1271 2761 1323 2789 ne
1355 2752 1439 2789 tam
1472 2749 1610 2790 inutili

141 2830 369 2883 sapientiae
399 2829 561 2871 labores
592 2830 892 2885 impenderent,
918 2831 1202 2884 persuaderet.
