1934 3334
854 346 905 386 67

200 487 259 528 At
288 486 523 528 Lucianum
559 487 699 541 ipsum
733 486 783 527 de
814 486 1073 540 dialogorum
1103 488 1316 527 structura
1346 485 1613 527 confitentem

142 569 388 611 audiamus!
409 554 417 558 ³

198 650 403 707 Dialogus
435 651 523 703 (Bis
554 652 654 693 Acc.
689 653 756 704 33)
790 652 1002 706 queritur:
1036 651 1073 697 ἐς
1104 651 1146 692 τὸ
1173 651 1267 692 αὐτὸ
1295 650 1418 703 φέρων
1444 651 1614 702 συγκαθ-

140 732 232 787 εῖρξέ
258 726 322 785 μοι
347 735 389 776 τὸ
417 737 592 785 σκῶμμα
619 733 686 775 καὶ
713 735 776 775 τὸν
803 732 948 783 ἴαμβον
972 733 1038 775 καὶ
1067 735 1246 785 κυνισμὸν
1271 734 1338 776 καὶ
1366 735 1429 776 τὸν
1446 734 1616 776 Εὔπολιν

140 816 207 858 καὶ
238 818 302 859 τὸν
331 817 608 871 Ἀριστοφάνη,
640 817 776 864 δεινοὺς
807 815 947 869 ἄνδρας
980 818 1276 869 ἐπικερτομῆσαι
1308 817 1360 858 τα
1392 817 1530 868 σεμνοί.

197 900 292 955 Ipse
322 900 536 942 Lucianus
565 901 716 953 (Prom.
738 898 767 951 1)
794 901 837 941 in
862 901 936 941 litt.
968 902 1007 953 5)
1036 901 1136 941 dicit
1162 900 1244 941 οὐδὲ
1270 900 1312 941 τὸ
1339 901 1382 941 ἐκ
1408 901 1508 942 δυοῖν
1536 905 1616 941 τοῖν

138 983 358 1025 καλλίστοιν
388 984 614 1034 συγκεῖσθαι
646 981 825 1033 διαλόγου
857 982 924 1024 καὶ
957 983 1159 1034 κωμῳδίας
1191 983 1285 1031 οὐδὲ,
1318 986 1426 1025 τοῦτο
1456 982 1611 1036 ἀπόχρη

137 1066 189 1113 εἷς
229 1066 457 1120 εὐμορφίαν.
491 1067 543 1109 Se
574 1068 714 1122 ipsum
748 1067 958 1121 quendam
991 1067 1286 1109 Prometheum
1318 1068 1451 1110 fuisse
1483 1069 1617 1110 decla-

136 1153 200 1191 rat
230 1150 326 1191 ὂστοῖ
357 1149 542 1202 παραθεὶς
574 1149 859 1201 κεκαλυμμένα
889 1156 936 1203 τῇ
968 1157 1130 1203 πιμελῇ,
1162 1150 1321 1201 γέλωτα
1351 1152 1517 1202 κωμικὸν
1545 1151 1616 1193 ὑπὸ

137 1233 342 1284 σεμνότητι
373 1233 588 1286 φιλοσοφεῖ).
624 1234 776 1286 (Prom.
808 1236 853 1275 in
884 1235 959 1276 litt.
996 1236 1046 1288 7).

195 1316 346 1358 Nonne
392 1318 437 1358 in
483 1321 625 1359 nostro
671 1318 832 1373 dialogo
873 1319 1058 1359 laudatio
1092 1318 1260 1374 Nigrini
1291 1318 1419 1369 γέλως
1451 1318 1621 1370 κωμικός

137 1399 215 1441 tibi
243 1401 441 1442 videtur?
475 1400 634 1454 Cynica
666 1414 763 1443 vero
795 1405 1023 1456 praecepta,
1055 1403 1145 1444 sine
1178 1403 1305 1444 dubio
1338 1403 1389 1444 ad
1422 1403 1613 1458 Menippi

138 1484 381 1538 exemplum
416 1488 603 1534 tractata,
636 1497 776 1526 nonne
807 1484 995 1534 σεμνότης
1025 1486 1241 1538 φιλοσοφός
1273 1488 1484 1527 nominari
1517 1500 1612 1541 pos-

136 1567 267 1608 sunt?
297 1567 449 1609 Nonne
481 1569 572 1623 ipse
603 1567 816 1610 Lucianus
849 1569 901 1610 ad
932 1570 1041 1610 hanc
1073 1571 1183 1611 initii
1216 1571 1419 1625 originem
1446 1572 1617 1625 respicit

136 1664 232 1692 cum
280 1664 324 1693 se
369 1651 420 1693 ab
469 1653 603 1693 amico
651 1654 712 1694 sic
755 1654 1007 1708 interrumpi
1048 1653 1193 1708 fingit:
1239 1654 1287 1699 ὡς
1329 1650 1368 1694 εὖ
1399 1670 1448 1704 γε
1480 1654 1522 1701 νη
1552 1655 1617 1696 τὸν

137 1732 284 1786 Ἑρμῆν
330 1733 397 1775 καὶ
437 1734 544 1775 κατα
576 1735 637 1776 τὸν
668 1738 740 1776 τῶν
765 1737 920 1788 ῥητόρων
948 1736 1061 1786 νόμον
1087 1737 1412 1789 πεπροοιμίασταί
1440 1754 1494 1779 σοι
1527 1740 1611 1792 (10)

135 1820 176 1858 et
214 1813 320 1864 οὗτος
360 1817 450 1870 οὲνηρ
493 1819 532 1859 οὐ
574 1817 767 1860 ποὲυσεται
809 1820 968 1870 τήμερον
1010 1820 1099 1872 πρός
1142 1836 1193 1870 με
1234 1826 1360 1874 πολλῇ
1402 1827 1448 1874 τῇ
1491 1827 1610 1874 σκηνῇ

134 1900 330 1954 χρώμενος
364 1903 484 1956 (12)?

193 1985 238 2027 Si
278 1985 429 2027 Kockii
470 1987 642 2041 auxilio,
683 1989 758 2042 qui
801 2001 824 2029 e
864 1989 999 2030 nostri
1032 1989 1187 2044 dialogi
1216 1991 1336 2031 initio
1370 1990 1512 2032 decem
1544 1991 1618 2031 tri-

136 2073 290 2112 metros
322 2083 366 2112 se
398 2072 632 2113 restituisse
662 2072 886 2124 contendit,
919 2073 1202 2126 conjecturam
1237 2074 1423 2116 stabilire
1454 2075 1620 2128 vellem,

135 2153 275 2195 locum
302 2155 510 2196 comicum
539 2167 593 2196 ex
619 2156 878 2210 Aegyptiaco
905 2170 1064 2211 papyro
1087 2161 1184 2199 ante
1200 2171 1357 2212 paucos
1375 2172 1507 2201 annos
1524 2172 1621 2214 pro-

135 2240 315 2279 tractum
333 2238 478 2280 afferre
494 2252 673 2293 possem,
693 2240 765 2293 qui
782 2240 954 2294 pulchre
972 2253 1068 2282 cum
1085 2242 1205 2282 initio
1223 2241 1391 2296 Nigrini
1409 2245 1619 2285 convenit.

193 2321 366 2377 Legitur
397 2324 509 2365 enim
542 2324 654 2378 apud
684 2323 895 2365 Kockium
926 2324 1102 2380 (Fragm.
1139 2325 1250 2367 Com.
1283 2326 1358 2367 ΠΙ.
1389 2327 1618 2383 420)frag-

138 2410 331 2448 mentum
363 2420 417 2449 ex
448 2408 607 2449 incerto
639 2411 835 2449 auctore:

343 2497 480 2550 ε’ρημία
512 2497 583 2548 μέν
614 2498 727 2545 ἐστιν,
759 2499 850 2540 κὸυκ
883 2498 1090 2540 ἀκούσεται

343 2579 464 2628 οὐδεὶς
494 2581 621 2634 παρών
654 2597 728 2632 μου
758 2585 831 2623 τῶν
862 2581 999 2635 λόγων,
1034 2580 1080 2623 ὧν
1113 2583 1160 2624 ἂν
1191 2583 1305 2634 λέγω.

183 2785 218 2827 1)
243 2785 282 2818 V.
295 2787 335 2819 cl.
358 2786 524 2819 Hartman
547 2787 583 2820 in
606 2787 684 2821 diss.
706 2798 769 2821 sua
790 2792 879 2822 recte
902 2790 1036 2822 monuit
1058 2790 1289 2823 titulumlibri
1302 2801 1369 2824 non
1382 2801 1453 2824 esse
1467 2791 1602 2835 „Pr0m.

137 2846 176 2880 in
198 2846 329 2879 verbis''
363 2848 420 2880 sed
444 2848 579 2891 „Pr0m.
604 2849 640 2881 in
665 2849 824 2882 litteris’'.
