1934 3334
813 345 866 387 19

105 484 245 536 σχεδὸν
285 482 457 535 γεγονότι
499 483 606 525 δικῶν
637 484 902 535 οὶπνῑλλοὲχθαιι
934 484 1000 526 ux}
1037 486 1123 533 τοὺς
1151 485 1289 539 ἄνδροις
1323 487 1408 534 τοὺς
1441 487 1577 529 Boem-

105 567 178 613 τὰς
213 569 392 619 ἀτρεμεῖν
433 567 511 614 ἐᾶν,
554 566 618 607 καὶ
658 566 837 619 Διαλόγῳ
870 574 1175 619 συμπεριπατεῖν
1209 571 1287 622 (bis
1321 584 1402 612 acc.
1438 572 1506 622 32)
1540 575 1580 612 et

105 654 150 693 in
182 652 392 712 Piscatore
423 665 446 691 a
477 650 663 705 Diogene
692 664 736 692 se
764 653 950 693 accusari
967 652 1101 707 fingit,
1120 654 1231 707 quod
1249 653 1363 705 ῥήτωρ
1384 654 1580 694 ἀπολιπὼν

105 734 158 776 τὰ
199 733 420 786 δικαστήρια
462 734 647 788 dialogos
681 738 826 775 contra
858 736 1126 790 philosophos
1160 737 1339 779 scribere
1366 739 1580 792 coepisset.

106 818 237 859 Vides
284 831 394 872 ergo,
441 817 580 866 lector,
622 816 855 859 Lucianum
903 819 958 859 40
1001 833 1132 861 annos
1174 824 1320 862 natum
1359 824 1580 875 patronum

107 915 329 942 causarum
372 914 455 942 non
504 901 685 955 amplius
729 902 978 955 professum,
1021 904 1070 944 ad
1115 904 1302 959 dialogos
1344 905 1584 946 scribendos

107 985 335 1037 transiisse,
378 970 492 1038 quocl
539 983 690 1025 Suidas
727 985 790 1025 ἐπὶ
822 985 864 1025 τὸ
896 990 1157 1037 λογογραφεῖν
1188 992 1377 1038 τραπῆναι
1410 990 1586 1029 vocavit.

168 1067 284 1116 Quae
329 1071 468 1108 autem
517 1067 681 1109 duabus
723 1069 993 1123 paragraphis
1038 1070 1087 1110 de
1118 1069 1294 1111 Luciani
1325 1073 1411 1112 vita
1442 1084 1586 1112 conse-

108 1155 233 1192 cutus
275 1165 382 1204 sum⁷
423 1154 471 1191 ut
511 1151 628 1193 brevi
672 1152 933 1206 complectar,
971 1152 1205 1194 Lucianum
1239 1168 1349 1195 anno
1381 1154 1466 1196 fere
1503 1155 1583 1194 115

108 1238 267 1288 natum,
310 1246 446 1288 usque
493 1234 544 1274 ad
591 1248 749 1275 annum
794 1236 874 1275 155
911 1236 1158 1277 rhetoricam
1193 1237 1455 1292 disciplinam
1489 1252 1582 1292 pro-

107 1317 279 1371 fessum,
321 1317 472 1358 deinde
513 1330 586 1371 per
628 1331 760 1370 annos
805 1319 914 1359 circa
957 1319 1097 1361 decem
1142 1322 1322 1363 comicos
1360 1326 1503 1376 poetas
1548 1326 1589 1364 et

109 1402 354 1456 Menippum
398 1405 602 1455 secutum,
635 1416 744 1443 anno
780 1403 861 1443 165
895 1405 1308 1459 quinquagenarium
1344 1407 1583 1460 aequalium

111 1499 324 1528 censorem
355 1486 523 1538 factum,
555 1499 627 1540 per
658 1487 754 1540 plus
786 1500 912 1540 quam
942 1489 1179 1541 quindecim
1211 1503 1342 1531 annos
1361 1495 1586 1544 sequentes

110 1570 188 1611 hoc
228 1583 402 1611 munere
442 1570 647 1623 functum,
677 1575 885 1625 postremo
918 1572 968 1612 ad
1000 1573 1227 1615 rhetoricas
1260 1575 1585 1617 declamationes

110 1654 319 1708 relapsum
353 1666 444 1695 esse
470 1657 620 1695 statuo.
