1934 3334
1026 327 1051 366 6

298 469 560 525 philosophia
578 469 622 523 1),
655 468 705 510 de
736 468 954 520 rhetorica,
987 467 1037 508 de
1063 466 1214 508 studiis
1245 459 1485 520 aequalium
1504 467 1533 519 2)
1559 466 1780 521 protulerit

295 554 468 608 judicia.

360 636 471 685 Quid
515 636 565 677 de
606 636 778 688 ratione,
822 647 905 688 qua
948 635 1027 674 viri
1068 634 1179 674 docti
1223 634 1490 688 quaestiones
1521 633 1572 675 de
1603 634 1780 689 singulis

300 720 466 772 libellis,
503 723 576 760 aut
609 719 659 759 de
691 718 867 759 Luciani
900 719 1069 772 ingenio
1102 717 1363 770 dirimebant,
1397 717 1653 759 censendum
1686 716 1780 758 est?

359 802 492 844 Multa
539 814 639 843 sane
688 801 808 842 utilia
849 801 1127 855 protulerunt,
1171 800 1243 842 sed
1287 801 1361 854 qui
1407 800 1574 854 singula
1619 803 1782 841 tantum

302 891 448 942 opera*
486 887 728 927 minutatim
785 884 1066 937 excutiebant,
1115 884 1158 924 in
1207 896 1255 924 eo
1302 884 1405 924 mihi
1451 884 1649 925 videntur
1692 895 1783 925 esse

301 969 648 1024 reprehendendi,
680 968 793 1023 quod
825 968 1044 1022 explorare
1076 967 1367 1022 neglexerunt,
1401 980 1484 1022 quo
1516 980 1633 1009 nexu
1665 980 1784 1022 opus,

304 1054 354 1095 de
388 1067 470 1108 quo
505 1052 772 1107 quaerebant,
806 1055 914 1093 esset
943 1051 1215 1105 conjunctum
1246 1064 1342 1092 cum
1371 1051 1557 1106 dialogis,
1585 1052 1658 1106 qui
1673 1051 1784 1092 idem

302 1138 388 1179 fere
423 1137 627 1192 praebent
660 1139 958 1190 argumentum
978 1134 1020 1188 3).

362 1222 420 1262 At
451 1222 602 1262 vitium
636 1220 769 1261 multo
804 1220 937 1274 magis
969 1219 1204 1260 notandum
1236 1220 1279 1259 in
1314 1231 1361 1260 eo
1390 1220 1655 1273 conspicitur,
1673 1219 1787 1274 quod

304 1303 552 1356 Lucianum,
600 1315 708 1357 quae
755 1307 898 1356 postea
946 1302 1026 1343 sibi
1068 1302 1345 1356 vituperanda
1382 1307 1560 1357 putaret,
1587 1304 1787 1357 juvenem

304 1389 511 1441 laudasse,
556 1388 705 1429 deinde
747 1400 820 1441 per
862 1387 1072 1440 quoddam
1109 1388 1219 1427 vitae
1252 1390 1429 1441 tempus,
1462 1400 1559 1429 cum
1592 1389 1787 1443 aequales

307 1472 510 1525 castigare
543 1471 732 1511 nondum
761 1470 959 1523 studeret,
992 1471 1248 1510 comicorum
1277 1474 1524 1524 argumenta
1552 1472 1683 1513 solius
1708 1471 1790 1513 for-

307 1568 400 1596 mae
441 1560 503 1595 ac'
532 1555 685 1609 leporis
717 1567 843 1595 causa
874 1555 1083 1594 imitatum
1117 1567 1220 1607 esse,
1254 1554 1398 1595 multis
1430 1555 1650 1610 philologis
1682 1569 1790 1597 nun-

307 1652 435 1693 quam
480 1640 524 1678 in
573 1642 756 1679 mentem
804 1638 930 1679 venit.
979 1637 1128 1691 ltaque
1174 1637 1367 1691 plurimis
1413 1637 1531 1679 libris
1580 1640 1789 1681 satiricam

307 1723 492 1763 indolem
537 1720 830 1773 obtrudebant,
879 1732 997 1774 quae,
1046 1721 1239 1761 etiamvis
1285 1733 1370 1761 non
1411 1722 1630 1775 perspicua
1671 1727 1791 1776 esset,

307 1806 436 1846 latere
468 1809 608 1846 tamen
640 1805 692 1845 iis
724 1802 967 1854 videbatur3
1002 1804 1061 1844 sic
1091 1802 1285 1844 infaustis
1313 1803 1527 1845 ominibus
1555 1807 1702 1846 natum
1729 1809 1792 1846 est

307 1889 415 1930 illud
442 1891 678 1929 monstrum
708 1887 832 1941 quod,
862 1887 961 1940 quia
989 1886 1101 1940 apud
1128 1885 1358 1928 Germanos
1376 1888 1620 1941 praesertim
1636 1888 1791 1930 multos

308 1974 468 2028 peperit
517 1984 688 2025 errores,
736 1970 912 2011 vocibus
955 1970 1175 2011 Germanis
1223 1971 1315 2023 „die
1356 1971 1590 2013 versteckte
1631 1971 1791 2014 Satire''

309 2055 538 2110 appellabo.
571 2054 719 2095 Statim
746 2058 805 2101 ut„
819 2054 933 2095 illam
961 2055 1263 2108 interpretandi
1291 2056 1496 2096 rationem
1517 2057 1791 2110 cognoscatis,

308 2143 434 2181 testes
475 2140 714 2193 producam.
763 2138 867 2179 Cum
912 2137 1126 2179 Lucianus
1167 2139 1307 2179 rhetor
1344 2139 1450 2180 libro
1484 2140 1534 2181 de
1565 2139 1792 2181 Saltatione

311 2228 443 2264 artem
485 2224 698 2263 mimicam
740 2222 966 2275 laudasset,
1008 2222 1360 2276 Hertzbergius4)
1405 2224 1573 2277 scripsit
1607 2222 1789 2275 „Lucian

312 2308 449 2348 wollte
482 2309 526 2347 in
560 2307 695 2347 dieser
727 2305 881 2347 Schrift
914 2307 1034 2347 einen
1064 2306 1273 2347 blendend
1291 2306 1481 2347 scharfen
1499 2306 1662 2361 Spiegel
1679 2308 1792 2349 einer

311 2391 460 2431 heillos
506 2390 753 2431 verkehrten
802 2389 1093 2443 Zeitrichtung
1137 2389 1394 2430 vorhalten.'’
1442 2389 1546 2430 Cum
1579 2389 1792 2433 Lucianus

355 2578 390 2619 1)
417 2578 472 2610 W.
498 2578 653 2609 ChlehuS.
679 2577 726 2609 De
750 2577 897 2609 Luciano
920 2577 1126 2618 philosopho.

412 2638 485 2669 Van
513 2638 638 2679 Eyken.
687 2662 704 2680 „
808 2662 825 2680 „
1007 2662 1023 2680 „

360 2699 394 2739 2)
422 2699 458 2730 P.
483 2698 517 2730 C.
544 2698 749 2739 Margadant.
777 2698 823 2729 De
848 2698 994 2729 Luciano
1018 2696 1214 2739 aequalium
1239 2707 1384 2731 censore.

350 2759 392 2801 ’3)
420 2760 454 2791 E.
468 2771 497 2802 g.
524 2760 728 2791 Fritzschius
753 2759 787 2790 in
815 2759 1011 2800 quaestione
1034 2760 1074 2790 de
1099 2759 1362 2800 Icaromenippo.

358 2821 392 2862 4)
419 2821 484 2853 Cfr.
510 2831 541 2862 p.
564 2819 605 2852 27
631 2830 725 2852 meae
749 2820 827 2852 diSS.
