1934 3334
990 334 1072 375 120

288 475 480 528 dogmate
513 475 762 529 discrepant,
796 475 1031 516 secundum
1066 476 1178 530 quod
1206 489 1288 517 non
1318 489 1462 518 omnes
1479 479 1572 531 post
1587 479 1764 519 mortem

286 557 404 598 liberi
441 557 698 611 judicantur,
741 558 814 600 sed
857 559 930 613 qui
971 571 1099 613 prave
1130 560 1340 613 vixerunt,
1373 559 1424 600 ob
1456 562 1624 614 peccata
1654 560 1764 615 pleo-

282 644 441 682 tuntur.

345 724 581 766 Christiana
621 727 752 780 igitur
784 725 1055 769 Demonaotis
1087 730 1237 769 natura
1270 728 1449 769 refutata
1482 741 1598 770 nunc
1629 729 1769 771 videa-

284 821 394 861 mus,
430 809 531 862 quid
566 809 616 850 de
647 809 742 850 ficta
773 810 1008 865 philosophi
1041 823 1219 865 persona
1252 813 1522 854 statuendum
1542 813 1605 854 sit.
1624 812 1766 855 Primo

282 891 516 945 Eunapius,
558 905 683 946 quem
725 894 859 947 capite
902 895 1036 948 primo
1074 895 1159 948 jam
1204 897 1432 950 nominavi,
1465 895 1766 938 Demonactem

282 975 459 1016 Luciani
503 977 718 1031 aequalem
762 978 925 1030 laudat3
966 979 1115 1019 deinde
1147 979 1404 1021 Fritzschius
1438 979 1526 1032 (Ed.
1561 979 1660 1022 Luc.
1692 980 1769 1035 III,

283 1061 320 1110 2,
364 1074 401 1114 p,
448 1060 556 1101 XIV
590 1063 695 1115 sqq.)
729 1074 782 1102 ex
815 1062 907 1103 aliis
939 1062 1129 1104 fontibus
1160 1065 1260 1117 (eg.
1295 1077 1316 1105 e
1350 1063 1516 1105 Stobaei
1547 1063 1768 1119 Florilegio

283 1144 350 1197 21,
384 1145 424 1197 8)
463 1146 517 1185 ‘24
551 1143 854 1195 ἀποφθέγματα
888 1147 1076 1188 eiusdem
1110 1147 1345 1202 philosophi
1378 1162 1400 1188 a
1431 1147 1618 1189 Luciano
1650 1161 1765 1202 prae-

279 1230 473 1269 termissa
514 1230 733 1283 protraxit,
765 1231 822 1270 ita
856 1234 901 1270 ut
934 1229 1232 1272 Demonactem
1269 1233 1391 1286 quasi
1424 1232 1594 1272 virtutis
1627 1244 1765 1272 exem-

281 1313 399 1367 plum
448 1327 470 1353 a
519 1312 707 1354 Lueiano
758 1314 823 1355 vel
869 1314 919 1355 ab
969 1315 1049 1355 alio
1096 1315 1259 1357 rhetore
1307 1315 1453 1357 fictum
1495 1315 1626 1357 fuisse
1656 1315 1766 1356 haud

281 1396 513 1438 verisimile
546 1398 609 1438 sit.

340 1480 467 1521 Nune
508 1480 700 1521 adeunda
744 1484 843 1522 sunt
875 1486 1134 1536 argumenta,
1167 1496 1274 1536 quae
1306 1484 1418 1524 viros
1452 1483 1595 1525 doctos
1625 1495 1764 1524 move-

281 1567 393 1617 runt,
426 1567 472 1604 ut
504 1562 690 1604 Luciano
724 1565 851 1605 vitam
884 1563 1154 1607 Demonaotis
1188 1567 1429 1608 adimerent.

343 1648 453 1689 Aliis
501 1651 574 1688 aut
608 1648 766 1689 nullam
802 1662 971 1690 causam
1005 1650 1313 1704 proferentibus
1347 1651 1478 1703 (velut
1507 1651 1543 1692 J.
1576 1651 1766 1693 Bekkero

278 1733 323 1772 in
370 1732 553 1773 editione
596 1732 702 1787 sua),
742 1733 833 1774 aliis
865 1734 909 1774 in
942 1734 1070 1775 verba
1100 1734 1324 1788 Bernaysii
1351 1735 1604 1790 jurantibus,
1636 1736 1765 1778 huius

281 1817 361 1856 viri
394 1818 805 1870 argumentationem
837 1829 1050 1872 exponere
1084 1819 1292 1872 optimum
1325 1819 1427 1859 mihi
1461 1819 1637 1860 videtur.

339 1899 454 1940 Libri
498 1901 566 1941 sui
612 1899 796 1953 „Lucian
838 1901 927 1941 und
970 1902 1035 1943 die
1067 1901 1285 1954 Kyniker'’
1318 1916 1409 1957 pag.
1445 1903 1527 1943 104
1576 1903 1763 1957 scripsit:

285 1984 565 2038 „Abgesehen
600 1998 682 2025 von
717 1985 810 2026 dem
845 1986 1118 2027 stilistischen
1151 1986 1381 2040 Eindruok‚
1415 1987 1578 2028 seheint
1610 1999 1654 2028 es
1685 1987 1766 2028 mir

282 2068 569 2122 unglaublich,
613 2069 708 2110 dass
753 2068 912 2110 Lucian
957 2070 1019 2111 als
1061 2070 1186 2111 reifer
1218 2070 1345 2111 Mann
1374 2071 1509 2111 einem
1540 2069 1767 2124 Eremiten,

282 2154 361 2194 wie
405 2154 497 2194 dem
540 2153 753 2195 Sostratus
800 2154 865 2195 die
897 2155 1223 2196 schrankenlose
1255 2154 1582 2209 Bewunderung
1615 2154 1768 2209 gezollt

282 2237 399 2290 habe,
433 2238 591 2279 welche
622 2239 667 2278 in
702 2239 775 2279 der
805 2238 1052 2293 Einleitung
1084 2240 1421 2294 ausgesproohen
1452 2241 1517 2280 ist.
1550 2239 1674 2280 Auoh
1701 2239 1767 2281 die

284 2322 476 2375 spurlose
522 2321 886 2363 Versohoilenheit
932 2323 1004 2364 der
1049 2322 1201 2364 Schrift
1244 2323 1349 2364 iiber
1384 2324 1513 2376 jenen
1545 2322 1768 2378 Sostratus,

283 2405 439 2445 welche
473 2405 545 2446 der
575 2405 795 2447 Verfasser
826 2406 917 2447 dort
944 2406 1005 2447 als
1034 2407 1099 2448 die
1128 2408 1286 2461 seinige
1305 2407 1486 2460 anfuhrt,
1504 2410 1626 2460 ware,
1644 2419 1766 2448 wenn

283 2489 342 2528 sie
375 2502 457 2528 von
491 2488 650 2530 Lucian
680 2490 911 2544 herriihrte,
942 2491 1068 2531 kaum
1098 2491 1379 2545 begreiflioh.''
1407 2491 1460 2532 Et
1487 2492 1642 2545 pergit:
1664 2490 1768 2544 „Die

284 2571 560 2627 Erwahnung
603 2574 675 2615 des
718 2574 975 2628 Peregrinus
1022 2576 1130 2616 ohne
1173 2576 1239 2616 die
1280 2576 1446 2617 leiseste
1487 2575 1769 2630 Hindeutung

283 2656 358 2697 auf
387 2658 501 2697 seine
529 2656 840 2711 Verbrennung
858 2659 945 2699 und
963 2658 1145 2700 Lucia-ns
1163 2659 1319 2700 Schrist
1338 2658 1443 2699 iiber
1460 2658 1640 2700 dieselbe
1658 2662 1767 2700 ware

282 2742 359 2780 mit-
385 2739 567 2781 Lucians
600 2742 872 2783 Autorschaft
905 2743 977 2784 des
1013 2742 1286 2795 „Demonax”
1321 2744 1481 2784 schwer
1509 2742 1766 2784 vereinbar.''

343 2822 547 2863 Ultimum
573 2829 868 2878 argumentum
886 2825 982 2866 licet
999 2827 1115 2879 parvi
1135 2827 1187 2867 sit
1203 2825 1454 2879 faciendum,
1471 2827 1610 2880 priora
1626 2829 1765 2866 tamen
