1934 3334
1031 320 1084 360 98

317 456 429 497 unde
470 456 707 499 Lucianum
751 470 964 500 censorem
996 458 1154 500 factum
1186 472 1277 501 esse
1311 463 1492 514 apparet,
1524 463 1650 515 atque
1680 461 1794 502 illam

320 541 475 579 sectam
517 541 694 594 primam
739 543 912 596 notavit,
956 555 1065 597 quae
1097 543 1187 597 sibi,
1221 543 1380 584 urbano
1412 544 1583 599 homini,
1614 546 1798 587 maxime

318 621 453 662 taedio
486 634 577 663 esse
610 623 798 665 debebat.

376 704 637 760 Quapropter
698 708 908 762 Cynicum,
967 711 1041 763 qui
1086 709 1253 752 libellus
1298 715 1498 765 perpetua
1545 711 1797 765 Cynicorum

318 788 503 830 defensio
545 790 733 844 putanda
774 795 847 844 est,
890 805 914 832 a
943 791 1129 834 Luciano
1161 806 1252 835 esse
1288 794 1535 849 profectum,
1557 808 1648 852 ‚non
1680 795 1800 837 facile

316 873 419 913 mihi
439 890 448 895 ·
478 874 705 928 quisquam
762 876 1011 929 persuadeat
1065 880 1191 931 atque
1246 877 1498 930 Byzantinis
1544 878 1797 920 testantibus

316 954 514 997 κινδυνεύει
557 953 662 1004 οὗτος
705 957 721 998 ὃ
763 959 875 1008 λόγος
915 957 1037 1000 ἄλλον
1069 975 1135 1001 του
1166 961 1385 1010 νομισθῆναι
1417 960 1484 1002 mc)
1517 962 1557 1003 οὐ
1588 965 1798 1004 Λουκιανοῦ

315 1039 496 1082 libenter
537 1042 753 1083 assentior.
795 1041 918 1091 Quod
949 1043 1223 1085 subditicium
1257 1058 1363 1099 opus
1397 1047 1676 1100 compositum
1707 1058 1799 1088 esse

317 1136 341 1164 a
372 1125 522 1176 cynico
553 1125 812 1179 philosopho,
846 1127 920 1180 qui
960 1127 1137 1168 crimina
1167 1128 1212 1167 in
1245 1141 1366 1169 suam
1399 1128 1796 1171 sectamaLuciano

315 1206 476 1260 prolata
516 1207 768 1262 redarguere
810 1212 1044 1261 conaretur,
1086 1210 1199 1251 haud
1236 1211 1512 1265 improbanda
1543 1215 1605 1254 est
1637 1213 1798 1267 conJec-

315 1291 411 1330 tura
456 1289 688 1344 Fritzschii,
733 1292 807 1345 qui
849 1304 1084 1334 sermonem
1127 1306 1296 1348 quoque
1338 1308 1362 1335 a
1405 1295 1571 1336 satirico
1613 1295 1798 1337 alienum

321 1388 412 1417 esse
439 1376 656 1429 judicavit.
692 1375 787 1430 (Cfr.
820 1377 953 1419 Praef.
985 1378 1038 1418 ad
1069 1378 1205 1433 Fugit.
1239 1378 1316 1420 Ed.
1350 1378 1565 1431 Fritzsch.)

373 1459 432 1499 At
461 1471 685 1514 pergamus
717 1460 768 1500 ad
796 1460 954 1501 librum
985 1460 1034 1502 de
1066 1465 1190 1502 morte
1222 1461 1452 1515 Pereqrmi,
1485 1461 1560 1502 ubi
1586 1461 1796 1516 flagitiosa

314 1543 431 1584 illius
474 1542 621 1596 Cynici
653 1545 739 1585 vita
769 1545 895 1600 longa
926 1545 1161 1600 explicatur
1194 1547 1393 1599 oratione,
1426 1546 1576 1588 deinde
1608 1546 1798 1588 inaudita

316 1639 443 1680 mors,
474 1627 543 1667 cui
574 1627 664 1681 ipse
696 1627 909 1669 Lucianus
941 1629 1096 1683 aderat⁷
1127 1630 1311 1684 maligne
1343 1633 1549 1671 narratur.

376 1708 582 1765 Olympiis
615 1712 727 1752 enim
757 1712 809 1752 ad
841 1712 1097 1754 Graecorum
1131 1713 1335 1768 populum
1367 1727 1390 1754 a
1424 1714 1606 1768 quodam
1633 1716 1798 1756 concio-

315 1804 412 1833 nem
459 1793 602 1835 haberi
632 1793 766 1849 fingit,
796 1796 840 1835 in
875 1809 959 1850 qua
990 1799 1075 1837 tota
1106 1796 1323 1851 Peregrini
1357 1810 1381 1837 a
1411 1797 1545 1851 prima
1571 1798 1797 1851 juventute

315 1877 401 1917 vita
443 1877 641 1919 omnibus
683 1879 904 1932 inquinata
945 1879 1115 1934 flagitiis
1159 1880 1422 1934 explanatur.
1470 1879 1639 1922 Patrem
1670 1881 1798 1922 inter-

314 1959 476 2014 fecisse,
506 1962 780 2017 moribusque
811 1964 1111 2018 impurissimis
1143 1965 1303 2005 vixisse
1336 1964 1501 2017 dicitur,
1535 1967 1662 2019 atque
1689 1965 1798 2005 inter

316 2044 398 2085 alia
430 2045 606 2086 crimina
637 2058 733 2087 eum
767 2046 959 2101 objurgat
992 2051 1140 2101 orator,
1174 2048 1287 2102 quod
1312 2048 1573 2102 aliquamdiu
1601 2047 1799 2089 Christia-

316 2140 470 2169 norum
501 2128 628 2169 fidem
660 2130 882 2184 amplexus
910 2132 1040 2171 nimia
1067 2143 1212 2172 eorum
1231 2131 1477 2173 credulitate
1492 2132 1672 2185 pessime
1690 2134 1799 2173 esset

317 2210 487 2253 abusus.
526 2212 758 2267 Postquam
792 2226 889 2255 vero
921 2213 1047 2255 ἐσθίων
1078 2216 1151 2255 τῶν
1183 2213 1399 2266 ἀπορρήτων
1430 2215 1563 2261 αὐτοῖς
1595 2215 1795 2269 religione

318 2295 472 2336 violata
517 2297 762 2350 repudiatus
810 2300 884 2351 est,
926 2299 1079 2339 iterum
1123 2297 1327 2351 Cynicum
1372 2297 1557 2352 profiteri
1589 2299 1725 2353 coepit
1757 2301 1798 2340 et

317 2381 365 2418 ut
419 2381 683 2433 praeclarum
738 2380 866 2422 finem
919 2383 1030 2422 vitae
1086 2383 1330 2436 imponeret,
1376 2382 1489 2423 ludis
1538 2380 1796 2436 Olympiacis

320 2463 421 2502 anni
455 2463 536 2503 165
572 2464 853 2506 voluntariam
885 2468 1061 2506 mortem
1091 2466 1189 2520 igne
1221 2465 1301 2507 sibi
1333 2466 1546 2506 conscivit.
1573 2465 1801 2519 Lucianus,

322 2546 395 2599 qui
435 2545 539 2588 festo
582 2548 734 2602 aderat,
775 2549 966 2590 inaudito
1008 2550 1085 2590 hoc
1117 2549 1354 2603 spectaculo
1395 2562 1535 2591 carere
1565 2550 1713 2604 noluit,
1745 2553 1797 2604 et,

319 2641 417 2669 cum
457 2630 500 2670 in
541 2630 726 2673 facinore
762 2632 868 2673 nihil
899 2633 981 2674 nisi
1011 2633 1203 2674 insanam
1237 2633 1508 2675 ambitionem
1541 2636 1581 2674 et
1612 2636 1796 2675 ostenta-

316 2712 473 2762 tionem
515 2725 684 2756 cernere
722 2719 874 2770 posset,
905 2715 1172 2758 acerbissime
1202 2717 1247 2757 in
1274 2717 1567 2771 philosophum
1595 2718 1788 2759 invectus

320 2796 393 2835 est.
425 2793 537 2843 Quin
569 2797 695 2837 etiam
725 2798 850 2851 paulo
881 2799 1071 2853 iniquius
1105 2799 1156 2840 de
1186 2801 1328 2840 nostro
1356 2799 1582 2854 Peregrino
1610 2800 1788 2854 eiusque
