1934 3334
1009 343 1063 382 80

289 487 387 528 deos
434 487 581 527 hostiis
632 484 807 526 delinire
848 487 1035 538 pergant,
1079 484 1294 525 concludit
1331 487 1382 537 et,
1416 483 1528 538 quod
1560 484 1699 525 solum
1733 482 1776 524 τὸ

290 568 533 621 πεπρωμένον
581 568 769 609 accidere
817 569 962 622 possit,
1009 579 1064 608 ne
1106 567 1379 608 oraculorum
1423 565 1598 608 vocibus
1629 579 1776 608 aurem

289 653 517 708 praebeant
548 651 783 706 persuadet.
816 650 970 705 Magna
1004 663 1175 705 quoque
1208 649 1389 702 Cynisco
1416 650 1572 703 injuria
1598 649 1778 703 videtur,

292 737 485 777 homines
518 738 613 790 post
646 737 825 775 mortem
860 733 912 775 ob
939 737 1109 789 peccata
1137 734 1272 788 plecti,
1301 735 1457 788 quippe
1486 746 1592 788 quos
1623 732 1777 774 Fatum

290 819 342 860 ad
389 818 576 859 facinora
619 817 898 872 perpetranda
943 802 1160 872 coegisset.
1211 816 1329 865 Quae
1376 816 1528 857 ultima
1571 817 1778 858 sententia

292 903 417 943 etiam
443 888 510 942 'in
558 902 651 942 dial.
701 905 823 942 mort.
867 901 920 942 30
968 901 1007 953 (i.
1027 914 1059 942 e.
1101 902 1145 941 in
1180 913 1304 955 opere
1336 900 1575 955 Menippeo)
1607 900 1778 942 defensa

290 987 521 1027 verisimile
552 985 688 1027 reddit
721 985 951 1039 dialogum,
981 984 1055 1026 ubi
1089 984 1298 1037 Cyniscus
1330 984 1490 1038 primas
1523 984 1608 1039 egit
1624 986 1777 1038 partes,

289 1070 341 1111 ad
373 1069 559 1124 Menippi
592 1070 844 1124 exemplum
882 1081 973 1110 esse
1006 1070 1301 1123 compositum.

352 1153 468 1204 Quae
499 1157 643 1195 autem
676 1155 721 1194 in
753 1153 860 1194 Jove
893 1152 1115 1194 Gonfutato
1147 1156 1293 1194 contra
1321 1152 1496 1193 deorum
1524 1154 1776 1206 potestatem

290 1239 450 1293 prolata
493 1241 605 1291 sunt,
649 1237 796 1278 eadem
838 1238 883 1277 in
915 1237 1144 1290 posteriore
1174 1239 1290 1290 parte
1321 1234 1439 1277 Jovis
1470 1235 1671 1289 Trayoedi
1701 1235 1770 1288 (35

291 1335 428 1377 usque
475 1322 527 1363 ad
573 1321 719 1374 finem)
763 1322 979 1362 iterantur.
1023 1319 1185 1361 Deinde
1229 1320 1300 1361 ille
1337 1319 1529 1374 dialogus
1562 1320 1773 1373 optimum

290 1407 411 1448 nobis
444 1407 751 1447 documentum
782 1404 981 1459 praebere
1011 1408 1159 1459 potest,
1193 1404 1330 1458 qualis
1362 1403 1501 1444 forma
1532 1402 1773 1458 Menippea-

290 1504 385 1532 rum
434 1490 561 1532 fuerit
608 1490 846 1543 satirarum,
897 1501 1005 1543 quae
1052 1501 1074 1529 e
1121 1488 1238 1542 poesi
1281 1491 1322 1529 et
1362 1487 1546 1541 pedestri
1578 1499 1774 1530 sermone

293 1574 495 1616 conflatae
527 1578 656 1628 erant,
688 1575 746 1615 ita
776 1577 824 1614 ut
856 1572 1078 1627 Menippea
1110 1573 1238 1614 huius
1266 1584 1438 1626 quoque
1455 1571 1609 1626 dialogi
1626 1575 1776 1613 natura

293 1659 394 1699 satis
427 1663 538 1699 certa
570 1657 774 1698 videatur.

355 1742 436 1794 „At
484 1755 567 1796 quo
609 1745 681 1782 tua
713 1741 1023 1795 argumentatio
1056 1739 1230 1793 tendit’',
1261 1739 1367 1780 forte
1402 1739 1613 1793 quispiam
1648 1738 1776 1793 dicat,

297 1840 406 1881 „quo
435 1827 606 1868 vinculo
633 1826 823 1868 Deorum
861 1824 1027 1878 Concio,
1060 1824 1110 1866 de
1138 1838 1222 1878 qua
1254 1822 1506 1884 loquebaris,
1535 1835 1633 1863 cum
1670 1822 1775 1875 „Jo-

294 1909 444 1951 vibus‘'
478 1914 540 1952 est
572 1910 797 1963 conjuncta
815 1907 864 1949 ?’'

353 1993 503 2036 Statim
536 1995 613 2035 hoc
647 1994 954 2048 diagrammate
984 1992 1270 2047 respondebo:

499 2120 688 2162 Deorum
723 2120 875 2162 Concio
968 2119 1138 2174 :Jup
1169 2119 1285 2173 Trag.
1321 2118 1477 2159 1—35.

501 2204 669 2259 Jupiter
700 2204 950 2246 Confutatus
969 2204 1066 2245 :J
1073 2218 1138 2258 up.
1169 2203 1286 2257 Trag.
1322 2202 1583 2244 35—finem.

352 2328 468 2377 Quae
501 2342 600 2370 oum
633 2330 690 2370 ita
717 2330 812 2383 sint,
834 2333 980 2370 utrum
1001 2328 1261 2381 Cynicorum
1281 2327 1433 2368 satirae
1451 2340 1504 2367 an
1524 2326 1776 2369 Comoediae

290 2411 479 2453 Deorum
529 2412 780 2453 Concionem
827 2416 972 2454 auctor
1004 2412 1165 2466 debeat,
1199 2411 1324 2452 hodie
1357 2423 1442 2451 non
1475 2410 1658 2465 amplius
1691 2411 1774 2453 dis-

294 2508 462 2537 cernere
507 2497 628 2548 licet3
676 2498 721 2537 in
767 2496 873 2538 Jove
915 2499 1056 2537 autem
1087 2495 1301 2550 Tragoedo
1342 2494 1479 2535 forma
1510 2507 1532 2536 e
1564 2496 1707 2536 vincta
1737 2499 1777 2537 et

294 2580 431 2620 soluta
462 2581 648 2620 oratione
682 2584 879 2621 constans
910 2594 933 2621 a
966 2579 1162 2634 Menippo
1197 2580 1424 2633 desumpta
1451 2582 1514 2620 est
1541 2582 1580 2620 et
1606 2580 1650 2620 in
1666 2579 1774 2621 Jove

295 2662 517 2703 Confutato
565 2662 772 2715 Cyniscus
818 2665 1055 2718 primarum
1102 2667 1218 2704 actor
1263 2663 1314 2703 ad
1356 2663 1531 2704 eandem
1566 2664 1775 2717 originem

295 2747 538 2789 referendus
571 2748 672 2787 inihi
704 2748 884 2789 videtur.

353 2831 409 2872 At
457 2832 606 2873 horum
647 2831 849 2874 librorum
890 2833 1051 2888 origine
1083 2833 1125 2873 in
1160 2832 1302 2873 medio
1335 2832 1491 2886 relicta,
1531 2831 1771 2875 Lucianum
