1934 3334
1002 341 1056 380 82

354 480 481 521 Tituli
531 479 735 520 librorum
785 493 808 519 a
855 478 1052 533 Menippo
1095 480 1346 533 scriptorum
1391 479 1502 533 apud
1537 478 1769 534 Diogenem

294 563 508 605 Laertium
547 563 618 603 VI.
653 563 746 603 101.
780 563 822 602 hi
855 564 1154 604 inveniuntur:

355 646 513 692 Νεκυία,
550 647 758 693 Διαθῆκαι,
793 645 1027 686 Ἐπιστολαὶ
1062 645 1377 697 κεκομψευμέναι
1409 646 1487 687 οέπὸ
1513 648 1580 687 τοῦ
1597 647 1670 686 τῶν
1689 645 1778 686 θεῶν

295 730 504 781 προσώπου,
548 730 644 781 Πρὸς
685 730 771 775 τοὺς
814 729 1000 781 φυσικοὺς
1043 728 1110 770 καὶ
1154 729 1451 779 μαθηματικοὺς
1483 728 1550 770 καὶ
1583 743 1777 781 γραμμα-

294 814 431 860 τικοὺς,
479 813 546 854 καὶ
594 813 713 859 Γονας
757 813 979 865 Ἐπικούρου
1011 812 1079 854 καὶ
1113 812 1185 860 τας
1220 812 1519 864 θρησκευομένας
1552 812 1616 852 ὑπ’
1650 813 1777 853 αὐτῶν

296 887 455 943 εἶκαδαξ
486 897 550 938 καὶ
582 896 730 938 τᾶλλα.

355 981 631 1030 Quaestiones
664 982 714 1022 de
747 983 895 1023 ceteris
928 982 1046 1023 libris
1080 983 1346 1035 praeteriens,
1374 980 1542 1022 Νεκυίαν
1575 985 1615 1022 et
1642 981 1779 1021 Ἐπσι-

297 1065 414 1111 vom&
448 1066 499 1106 ad
532 1066 860 1119 disputationem
895 1069 1081 1106 nostram
1115 1065 1225 1106 infra
1256 1065 1474 1106 adhibebo.

355 1150 420 1190 Ex
468 1150 686 1191 Athenaeo
734 1149 865 1201 (XIV.
901 1151 1020 1201 o29e)
1055 1150 1205 1191 deinde
1238 1153 1386 1190 notum
1424 1153 1497 1202 est,
1530 1148 1779 1203 Menippum

297 1232 517 1283 Συμπόσιον
566 1235 795 1288 scripsisse,
846 1234 919 1274 ubi
961 1234 1198 1288 philosophi
1239 1247 1338 1274 cuni
1373 1246 1546 1275 summo
1579 1233 1780 1275 dedecore

297 1330 450 1358 coenae
493 1317 663 1358 cuidam
705 1317 947 1358 interfuisse
980 1322 1217 1370 narrantur,
1251 1317 1363 1358 unde
1394 1316 1646 1367 Lucianum,
1680 1330 1779 1358 cum

297 1402 348 1442 ad
381 1403 643 1442 comicorum
679 1402 926 1455 exemplum
961 1415 1088 1442 suum
1120 1400 1341 1450 Συμπόσιον
1360 1401 1560 1454 reficeret,
1576 1401 1783 1443 nonnulla

298 1487 423 1526 etiam
459 1498 480 1526 e
514 1485 734 1539 Menippeo
768 1487 963 1526 convivio
997 1486 1165 1527 haurire
1198 1487 1386 1540 potuisse
1419 1489 1600 1540 apparet.

357 1568 559 1609 Varronis
592 1574 733 1609 autem
770 1568 929 1609 Satirae
961 1568 1219 1622 Menippeae,
1251 1582 1357 1622 quas
1392 1569 1517 1610 modo
1550 1570 1783 1622 nominavi,

297 1651 400 1699 licet⁴
437 1653 617 1706 singulis
665 1656 831 1693 tantum
870 1652 1062 1693 versibus
1095 1654 1321 1707 supersint,
1353 1656 1497 1693 tamen
1530 1653 1777 1706 scriptorem

299 1748 426 1775 suum
472 1737 726 1789 magistrum
770 1737 813 1775 in
857 1736 1116 1789 philosophis
1150 1736 1390 1777 deridendis
1423 1740 1462 1776 et
1494 1736 1616 1777 vanis
1648 1736 1785 1776 homi-

299 1832 402 1858 num
438 1819 589 1860 studiis
621 1820 911 1873 vituperandis
944 1824 1140 1861 secutum
1177 1832 1268 1861 esse
1298 1820 1536 1861 ostendunt.
1563 1819 1609 1860 E.
1627 1833 1665 1874 g.
1682 1820 1783 1874 legi-

298 1909 367 1943 tur
396 1904 559 1958 fragm.
602 1905 682 1944 122
719 1904 809 1955 (Ed.
845 1904 1115 1955 Buecheler):
1154 1895 1392 1958 „postrean
1426 1917 1553 1945 nemo
1588 1907 1783 1958 aegrotus

300 1988 528 2040 quicquam
580 1989 765 2028 somniat
811 1991 896 2027 tam
941 1987 1179 2040 infandum,
1223 1988 1335 2041 quod
1381 2001 1466 2028 non
1498 1987 1652 2041 aliquis
1684 1987 1784 2028 dicit

298 2070 612 2124 philosophus.''
664 2070 869 2124 Inprimis
917 2071 1067 2111 titulus
1117 2071 1340 2112 cuiusdam
1388 2071 1591 2112 Varronis
1624 2072 1786 2124 satirae,

300 2166 406 2207 quae
449 2152 531 2205 περὶ
579 2153 752 2205 αἱρέσεων
785 2154 1031 2195 inscribitur
1063 2148 1123 2207 (fr.
1161 2155 1258 2208 400,
1291 2155 1375 2195 403
1409 2154 1484 2208 R),
1517 2158 1659 2196 nostro
1690 2167 1785 2210 pro-

298 2238 432 2290 posito
480 2241 543 2278 est
587 2238 853 2291 utilissimus,
899 2239 998 2292 quia
1030 2239 1141 2292 apud
1174 2238 1412 2279 Lucianum
1448 2239 1640 2294 dialogus
1675 2240 1785 2280 eius-

302 2319 397 2359 dem
448 2321 634 2361 nominis
683 2321 733 2361 de
782 2325 991 2362 sectarum
1039 2321 1318 2376 discrepantia
1363 2323 1544 2376 scriptus
1573 2323 1789 2364 invenitur

297 2401 641 2454 („Hermotimus
679 2401 700 2449 ἢ
734 2403 814 2454 περὶ
847 2403 1076 2457 αἱρέσεων”).

357 2485 387 2525 Ι.
434 2485 525 2534 Qua
574 2488 722 2528 notitia
770 2489 1003 2529 instructus
1050 2488 1102 2528 ad
1146 2487 1384 2529 Lucianum
1436 2489 1574 2542 redeo,
1622 2491 1695 2543 qui
1739 2491 1784 2530 in

303 2568 487 2609 Orondeis
535 2571 730 2624 epistolas
778 2585 800 2611 a
846 2570 1028 2612 Saturno
1079 2571 1130 2611 ad
1177 2584 1408 2626 pauperem
1452 2572 1711 2614 sacerdotem
1745 2576 1785 2614 et

299 2652 351 2691 ad
397 2665 544 2693 avaros
594 2653 745 2694 divites
794 2655 946 2695 missas
994 2656 1217 2695 enarravit.
1265 2654 1416 2696 Nonne
1462 2656 1506 2695 in
1554 2655 1633 2696 hoc
1673 2668 1783 2697 novo

299 2735 534 2776 litterarum
595 2750 748 2790 genere
802 2737 989 2791 Menippi
1045 2738 1293 2792 exemplum
1348 2739 1662 2793 deprendimus,
1710 2740 1785 2794 qui

301 2817 509 2864 ἐπιστολὰς
551 2818 875 2871 κεκομψευμένας
919 2821 998 2861 οὶπὸ
1029 2823 1095 2861 τοῦ
1129 2823 1202 2860 τῶν
1235 2821 1321 2861 θεῶν
1353 2821 1550 2873 προσώπου
1583 2822 1785 2877 scripsit?
