<?xml version="1.0" encoding="UTF-8"?>
<!DOCTYPE html PUBLIC "-//W3C//DTD XHTML 1.0 Transitional//EN"
    "http://www.w3.org/TR/xhtml1/DTD/xhtml1-transitional.dtd">
<html xmlns="http://www.w3.org/1999/xhtml" xml:lang="en" lang="en">
 <head>
  <title>
</title>
<meta http-equiv="Content-Type" content="text/html;charset=utf-8" />
  <meta name='ocr-system' content='tesseract 3.04.00' />
  <meta name='ocr-capabilities' content='ocr_page ocr_carea ocr_par ocr_line ocrx_word'/>
</head>
<body>
  <div class='ocr_page' id='page_1' title='image "./studialucianea00bolduoft_0083.png"; bbox 0 0 1934 3334; ppageno 0'>
   <div class='ocr_carea' id='block_1_1' title="bbox 854 331 907 371">
    <p class='ocr_par' dir='ltr' id='par_1_1' title="bbox 854 331 907 371">
     <span class='ocr_line' id='line_1_1' title="bbox 854 331 907 371; baseline 0.038 -2"><span class='ocrx_word' id='word_1_1' title='bbox 854 331 907 371; x_wconf 83' lang='lat'>69</span> 
     </span>
    </p>
   </div>
   <div class='ocr_carea' id='block_1_2' title="bbox 139 468 1624 2029">
    <p class='ocr_par' dir='ltr' id='par_1_2' title="bbox 141 468 1621 857">
     <span class='ocr_line' id='line_1_2' title="bbox 141 468 1618 520; baseline 0.001 -10"><span class='ocrx_word' id='word_1_2' title='bbox 141 468 433 519; x_wconf 72' lang='grc' dir='ltr'><em>ἐγκατακλινεὶς</em></span> <span class='ocrx_word' id='word_1_3' title='bbox 477 470 565 518; x_wconf 73' lang='grc' dir='ltr'><em>μετ’</em></span> <span class='ocrx_word' id='word_1_4' title='bbox 609 468 733 519; x_wconf 71' lang='grc' dir='ltr'><em>ὀλίγον</em></span> <span class='ocrx_word' id='word_1_5' title='bbox 775 469 906 520; x_wconf 76' lang='grc' dir='ltr'><em>χρόνον</em></span> <span class='ocrx_word' id='word_1_6' title='bbox 938 469 1216 519; x_wconf 66' lang='grc' dir='ltr'>ἀναβεβίωκεν.</span> <span class='ocrx_word' id='word_1_7' title='bbox 1251 471 1462 514; x_wconf 85' lang='lat' dir='ltr'>Lucianus</span> <span class='ocrx_word' id='word_1_8' title='bbox 1497 471 1618 520; x_wconf 73' lang='grc' dir='ltr'><em>ὥσπερ</em></span> 
     </span>
     <span class='ocr_line' id='line_1_3' title="bbox 141 532 1618 605; baseline 0.002 -12"><span class='ocrx_word' id='word_1_9' title='bbox 141 553 182 593; x_wconf 83' lang='grc' dir='ltr'>ἐκ</span> <span class='ocrx_word' id='word_1_10' title='bbox 223 551 383 604; x_wconf 76' lang='grc' dir='ltr'><em>ζοφεροῦ</em></span> <span class='ocrx_word' id='word_1_11' title='bbox 425 532 521 596; x_wconf 50' lang='lat' dir='ltr'>Lmot·</span> <span class='ocrx_word' id='word_1_12' title='bbox 562 551 666 604; x_wconf 79' lang='grc' dir='ltr'><em>οέέρος</em></span> <span class='ocrx_word' id='word_1_13' title='bbox 703 555 769 593; x_wconf 79' lang='grc' dir='ltr'>τοῦ</span> <span class='ocrx_word' id='word_1_14' title='bbox 815 552 898 602; x_wconf 76' lang='grc' dir='ltr'><em>βίου</em></span> <span class='ocrx_word' id='word_1_15' title='bbox 940 555 1006 593; x_wconf 78' lang='grc' dir='ltr'>τοῦ</span> <span class='ocrx_word' id='word_1_16' title='bbox 1038 551 1191 605; x_wconf 77' lang='grc' dir='ltr'><em>πρόσθεν</em></span> <span class='ocrx_word' id='word_1_17' title='bbox 1223 554 1274 600; x_wconf 80' lang='grc' dir='ltr'><em>εἷς</em></span> <span class='ocrx_word' id='word_1_18' title='bbox 1305 554 1445 604; x_wconf 76' lang='grc' dir='ltr'><em>αἰθρίαν</em></span> <span class='ocrx_word' id='word_1_19' title='bbox 1476 571 1520 596; x_wconf 77' lang='grc' dir='ltr'><em>τε</em></span> <span class='ocrx_word' id='word_1_20' title='bbox 1550 554 1618 596; x_wconf 75' lang='grc' dir='ltr'>καὶ</span> 
     </span>
     <span class='ocr_line' id='line_1_4' title="bbox 142 633 1620 690; baseline 0.003 -15"><span class='ocrx_word' id='word_1_21' title='bbox 142 634 252 685; x_wconf 70' lang='grc' dir='ltr'>μέγα</span> <span class='ocrx_word' id='word_1_22' title='bbox 284 637 368 686; x_wconf 76' lang='grc' dir='ltr'>φῶς</span> <span class='ocrx_word' id='word_1_23' title='bbox 397 634 628 686; x_wconf 62' lang='grc' dir='ltr'><em>(ἐνέβλεψεν,</em></span> <span class='ocrx_word' id='word_1_24' title='bbox 657 633 753 676; x_wconf 70' lang='grc' dir='ltr'><em>ὥστε</em></span> <span class='ocrx_word' id='word_1_25' title='bbox 780 638 846 677; x_wconf 78' lang='grc' dir='ltr'>τοῦ</span> <span class='ocrx_word' id='word_1_26' title='bbox 874 636 1081 688; x_wconf 74' lang='grc' dir='ltr'><em>ὀφθαλμοῦ</em></span> <span class='ocrx_word' id='word_1_27' title='bbox 1109 636 1181 686; x_wconf 71' lang='grc' dir='ltr'>μὲν</span> <span class='ocrx_word' id='word_1_28' title='bbox 1206 636 1274 678; x_wconf 78' lang='grc' dir='ltr'>καὶ</span> <span class='ocrx_word' id='word_1_29' title='bbox 1301 642 1370 685; x_wconf 76' lang='grc' dir='ltr'>τῆς</span> <span class='ocrx_word' id='word_1_30' title='bbox 1397 637 1477 690; x_wconf 75' lang='grc' dir='ltr'><em>περὶ</em></span> <span class='ocrx_word' id='word_1_31' title='bbox 1505 639 1620 680; x_wconf 75' lang='grc' dir='ltr'><em>αὐτὸν</em></span> 
     </span>
     <span class='ocr_line' id='line_1_5' title="bbox 141 717 1621 773; baseline 0.003 -15"><span class='ocrx_word' id='word_1_32' title='bbox 141 717 336 765; x_wconf 67' lang='grc' dir='ltr'><em>ἀσθενείας</em></span> <span class='ocrx_word' id='word_1_33' title='bbox 362 717 654 769; x_wconf 61' lang='grc' dir='ltr'><em>ἐπελανθάνετο,</em></span> <span class='ocrx_word' id='word_1_34' title='bbox 690 718 758 765; x_wconf 62' lang='grc' dir='ltr'>τὴν</span> <span class='ocrx_word' id='word_1_35' title='bbox 790 720 829 760; x_wconf 68' lang='grc' dir='ltr'>δὲ</span> <span class='ocrx_word' id='word_1_36' title='bbox 862 718 998 771; x_wconf 60' lang='grc' dir='ltr'><em>ψυχὴν</em></span> <span class='ocrx_word' id='word_1_37' title='bbox 1032 717 1329 773; x_wconf 68' lang='grc' dir='ltr'><em>ὀξυδερκέστερος</em></span> <span class='ocrx_word' id='word_1_38' title='bbox 1362 721 1466 763; x_wconf 79' lang='grc' dir='ltr'><em>κατα</em></span> <span class='ocrx_word' id='word_1_39' title='bbox 1493 723 1621 772; x_wconf 76' lang='grc' dir='ltr'><em>μικρὸν</em></span> 
     </span>
     <span class='ocr_line' id='line_1_6' title="bbox 141 802 418 857; baseline 0 -14"><span class='ocrx_word' id='word_1_40' title='bbox 141 802 316 853; x_wconf 72' lang='grc' dir='ltr'><em>ἐγίγνετο</em></span> <span class='ocrx_word' id='word_1_41' title='bbox 349 804 418 857; x_wconf 82' lang='grc'>(4).</span> 
     </span>
    </p>

    <p class='ocr_par' dir='ltr' id='par_1_3' title="bbox 139 887 1623 1110">
     <span class='ocr_line' id='line_1_7' title="bbox 199 887 1620 946; baseline 0.004 -19"><span class='ocrx_word' id='word_1_42' title='bbox 199 887 276 928; x_wconf 89' lang='lat' dir='ltr'>Ille</span> <span class='ocrx_word' id='word_1_43' title='bbox 307 887 408 928; x_wconf 81' lang='lat' dir='ltr'><strong>felix</strong></span> <span class='ocrx_word' id='word_1_44' title='bbox 432 888 602 941; x_wconf 86' lang='lat' dir='ltr'>juvenis</span> <span class='ocrx_word' id='word_1_45' title='bbox 629 888 740 941; x_wconf 89' lang='lat' dir='ltr'>apud</span> <span class='ocrx_word' id='word_1_46' title='bbox 769 889 974 928; x_wconf 86' lang='lat' dir='ltr'>comicum</span> <span class='ocrx_word' id='word_1_47' title='bbox 1002 889 1145 939; x_wconf 75' lang='grc' dir='ltr'><em>φρονῶν</em></span> <span class='ocrx_word' id='word_1_48' title='bbox 1170 892 1290 929; x_wconf 76' lang='grc' dir='ltr'><em>λαλεῖ</em></span> <span class='ocrx_word' id='word_1_49' title='bbox 1309 888 1373 929; x_wconf 79' lang='grc' dir='ltr'>καὶ</span> <span class='ocrx_word' id='word_1_50' title='bbox 1405 896 1620 946; x_wconf 77' lang='grc' dir='ltr'><em>περιπατεῖ,</em></span> 
     </span>
     <span class='ocr_line' id='line_1_8' title="bbox 139 969 1621 1022; baseline 0.001 -10"><span class='ocrx_word' id='word_1_51' title='bbox 139 970 354 1012; x_wconf 83' lang='lat' dir='ltr'>Lucianus</span> <span class='ocrx_word' id='word_1_52' title='bbox 387 970 572 1022; x_wconf 62' lang='grc' dir='ltr'><em>μακάριος</em></span> <span class='ocrx_word' id='word_1_53' title='bbox 603 969 859 1021; x_wconf 69' lang='grc' dir='ltr'><em>γεγενημένος</em></span> <span class='ocrx_word' id='word_1_54' title='bbox 891 969 957 1011; x_wconf 77' lang='grc' dir='ltr'>καὶ</span> <span class='ocrx_word' id='word_1_55' title='bbox 990 973 1101 1012; x_wconf 77' lang='grc' dir='ltr'><em>τοῦτο</em></span> <span class='ocrx_word' id='word_1_56' title='bbox 1134 970 1180 1017; x_wconf 65' lang='grc' dir='ltr'>δὴ</span> <span class='ocrx_word' id='word_1_57' title='bbox 1211 971 1253 1012; x_wconf 77' lang='grc' dir='ltr'>τὸ</span> <span class='ocrx_word' id='word_1_58' title='bbox 1289 971 1367 1013; x_wconf 77' lang='grc' dir='ltr'>απὸ</span> <span class='ocrx_word' id='word_1_59' title='bbox 1394 976 1463 1019; x_wconf 71' lang='grc' dir='ltr'>τῆς</span> <span class='ocrx_word' id='word_1_60' title='bbox 1481 979 1621 1021; x_wconf 65' lang='grc' dir='ltr'><em>σκηνῆς</em></span> 
     </span>
     <span class='ocr_line' id='line_1_9' title="bbox 141 1052 1623 1110; baseline 0.003 -16"><span class='ocrx_word' id='word_1_61' title='bbox 141 1052 273 1105; x_wconf 67' lang='grc' dir='ltr'><em>ὄνομα,</em></span> <span class='ocrx_word' id='word_1_62' title='bbox 305 1054 528 1105; x_wconf 79' lang='grc' dir='ltr'><em>τρισόλβιος,</em></span> <span class='ocrx_word' id='word_1_63' title='bbox 558 1052 673 1100; x_wconf 76' lang='grc' dir='ltr'><em>ἔνθεος</em></span> <span class='ocrx_word' id='word_1_64' title='bbox 702 1053 769 1095; x_wconf 76' lang='grc' dir='ltr'>καὶ</span> <span class='ocrx_word' id='word_1_65' title='bbox 798 1053 942 1103; x_wconf 77' lang='grc' dir='ltr'><em>μεθύων</em></span> <span class='ocrx_word' id='word_1_66' title='bbox 970 1054 1041 1095; x_wconf 80' lang='grc' dir='ltr'>ὑπο</span> <span class='ocrx_word' id='word_1_67' title='bbox 1069 1056 1141 1094; x_wconf 82' lang='grc' dir='ltr'>τῶν</span> <span class='ocrx_word' id='word_1_68' title='bbox 1158 1053 1281 1105; x_wconf 68' lang='grc' dir='ltr'><em>λόγων</em></span> <span class='ocrx_word' id='word_1_69' title='bbox 1298 1054 1538 1107; x_wconf 68' lang='grc' dir='ltr'><em>περιέρχεται</em></span> <span class='ocrx_word' id='word_1_70' title='bbox 1557 1059 1623 1110; x_wconf 83' lang='grc'>(5).</span> 
     </span>
    </p>

    <p class='ocr_par' dir='ltr' id='par_1_4' title="bbox 141 1138 1624 1444">
     <span class='ocr_line' id='line_1_10' title="bbox 200 1138 1622 1194; baseline 0.002 -16"><span class='ocrx_word' id='word_1_71' title='bbox 200 1138 267 1191; x_wconf 84' lang='lat' dir='ltr'>At,</span> <span class='ocrx_word' id='word_1_72' title='bbox 298 1139 394 1179; x_wconf 90' lang='lat' dir='ltr'>licet</span> <span class='ocrx_word' id='word_1_73' title='bbox 428 1138 538 1192; x_wconf 88' lang='lat' dir='ltr'>apud</span> <span class='ocrx_word' id='word_1_74' title='bbox 573 1141 802 1192; x_wconf 89' lang='lat' dir='ltr'>utrumque</span> <span class='ocrx_word' id='word_1_75' title='bbox 836 1139 1079 1191; x_wconf 79' lang='lat' dir='ltr'>scriptorem</span> <span class='ocrx_word' id='word_1_76' title='bbox 1104 1139 1274 1191; x_wconf 88' lang='lat' dir='ltr'>juvenis</span> <span class='ocrx_word' id='word_1_77' title='bbox 1302 1140 1491 1193; x_wconf 88' lang='lat' dir='ltr'>magistri</span> <span class='ocrx_word' id='word_1_78' title='bbox 1508 1154 1622 1194; x_wconf 91' lang='lat' dir='ltr'>prae-</span> 
     </span>
     <span class='ocr_line' id='line_1_11' title="bbox 145 1220 1624 1276; baseline 0.001 -13"><span class='ocrx_word' id='word_1_79' title='bbox 145 1223 276 1276; x_wconf 80' lang='lat' dir='ltr'>ceptis</span> <span class='ocrx_word' id='word_1_80' title='bbox 308 1220 520 1273; x_wconf 71' lang='grc' dir='ltr'><em>τρισόλβιος</em></span> <span class='ocrx_word' id='word_1_81' title='bbox 553 1223 617 1275; x_wconf 87' lang='lat' dir='ltr'>sit,</span> <span class='ocrx_word' id='word_1_82' title='bbox 649 1225 787 1262; x_wconf 84' lang='lat' dir='ltr'>tamen</span> <span class='ocrx_word' id='word_1_83' title='bbox 823 1221 1105 1274; x_wconf 78' lang='lat' dir='ltr'>fragmentum</span> <span class='ocrx_word' id='word_1_84' title='bbox 1135 1222 1238 1261; x_wconf 88' lang='lat' dir='ltr'>mihi</span> <span class='ocrx_word' id='word_1_85' title='bbox 1266 1223 1392 1262; x_wconf 88' lang='lat' dir='ltr'>nimis</span> <span class='ocrx_word' id='word_1_86' title='bbox 1418 1223 1624 1264; x_wconf 87' lang='lat' dir='ltr'>incertum</span> 
     </span>
     <span class='ocr_line' id='line_1_12' title="bbox 146 1305 1623 1359; baseline -0.001 -12"><span class='ocrx_word' id='word_1_87' title='bbox 146 1306 327 1359; x_wconf 79' lang='lat' dir='ltr'>videtur,</span> <span class='ocrx_word' id='word_1_88' title='bbox 375 1319 499 1359; x_wconf 89' lang='lat' dir='ltr'>quam</span> <span class='ocrx_word' id='word_1_89' title='bbox 548 1308 596 1346; x_wconf 90' lang='lat' dir='ltr'>ut</span> <span class='ocrx_word' id='word_1_90' title='bbox 637 1305 688 1346; x_wconf 86' lang='lat' dir='ltr'>ad</span> <span class='ocrx_word' id='word_1_91' title='bbox 732 1305 845 1346; x_wconf 83' lang='lat' dir='ltr'>aliud</span> <span class='ocrx_word' id='word_1_92' title='bbox 889 1318 994 1359; x_wconf 88' lang='lat' dir='ltr'>opus</span> <span class='ocrx_word' id='word_1_93' title='bbox 1034 1305 1392 1358; x_wconf 87' lang='lat' dir='ltr'>interpretandum</span> <span class='ocrx_word' id='word_1_94' title='bbox 1437 1305 1623 1347; x_wconf 82' lang='lat' dir='ltr'>adhiberi</span> 
     </span>
     <span class='ocr_line' id='line_1_13' title="bbox 141 1391 284 1444; baseline -0.007 -13"><span class='ocrx_word' id='word_1_95' title='bbox 141 1391 284 1444; x_wconf 84' lang='lat' dir='ltr'>possit.</span> 
     </span>
    </p>

    <p class='ocr_par' dir='ltr' id='par_1_5' title="bbox 142 1471 1622 2029">
     <span class='ocr_line' id='line_1_14' title="bbox 202 1471 1621 1527; baseline 0 -14"><span class='ocrx_word' id='word_1_96' title='bbox 202 1471 408 1527; x_wconf 88' lang='lat' dir='ltr'>Longiore</span> <span class='ocrx_word' id='word_1_97' title='bbox 454 1473 607 1526; x_wconf 86' lang='lat' dir='ltr'>potius,</span> <span class='ocrx_word' id='word_1_98' title='bbox 654 1472 738 1525; x_wconf 85' lang='lat' dir='ltr'>sed,</span> <span class='ocrx_word' id='word_1_99' title='bbox 784 1474 830 1512; x_wconf 90' lang='lat' dir='ltr'>ut</span> <span class='ocrx_word' id='word_1_100' title='bbox 871 1484 1003 1525; x_wconf 85' lang='lat' dir='ltr'>spere,</span> <span class='ocrx_word' id='word_1_101' title='bbox 1037 1472 1211 1512; x_wconf 82' lang='lat' dir='ltr'>certiore</span> <span class='ocrx_word' id='word_1_102' title='bbox 1243 1472 1322 1525; x_wconf 83' lang='lat' dir='ltr'>via,</span> <span class='ocrx_word' id='word_1_103' title='bbox 1354 1485 1489 1514; x_wconf 85' lang='lat' dir='ltr'>meam</span> <span class='ocrx_word' id='word_1_104' title='bbox 1523 1485 1621 1513; x_wconf 92' lang='lat' dir='ltr'>con-</span> 
     </span>
     <span class='ocr_line' id='line_1_15' title="bbox 142 1555 1622 1611; baseline 0.001 -14"><span class='ocrx_word' id='word_1_105' title='bbox 142 1557 347 1609; x_wconf 68' lang='lat' dir='ltr'>jacturam</span> <span class='ocrx_word' id='word_1_106' title='bbox 403 1555 580 1610; x_wconf 84' lang='lat' dir='ltr'>probare</span> <span class='ocrx_word' id='word_1_107' title='bbox 637 1555 830 1609; x_wconf 83' lang='lat' dir='ltr'>conabor,</span> <span class='ocrx_word' id='word_1_108' title='bbox 878 1555 1132 1609; x_wconf 87' lang='lat' dir='ltr'>inquirendo</span> <span class='ocrx_word' id='word_1_109' title='bbox 1182 1569 1285 1597; x_wconf 85' lang='lat' dir='ltr'>num</span> <span class='ocrx_word' id='word_1_110' title='bbox 1333 1556 1404 1597; x_wconf 86' lang='lat' dir='ltr'>alii</span> <span class='ocrx_word' id='word_1_111' title='bbox 1454 1569 1622 1611; x_wconf 84' lang='lat' dir='ltr'>quoque</span> 
     </span>
     <span class='ocr_line' id='line_1_16' title="bbox 144 1639 1622 1694; baseline 0.001 -14"><span class='ocrx_word' id='word_1_112' title='bbox 144 1640 309 1694; x_wconf 76' lang='lat' dir='ltr'>dialogi,</span> <span class='ocrx_word' id='word_1_113' title='bbox 356 1641 429 1693; x_wconf 90' lang='lat' dir='ltr'>qui</span> <span class='ocrx_word' id='word_1_114' title='bbox 478 1639 685 1693; x_wconf 88' lang='lat' dir='ltr'>duplicem</span> <span class='ocrx_word' id='word_1_115' title='bbox 732 1640 935 1692; x_wconf 81' lang='lat' dir='ltr'>originem</span> <span class='ocrx_word' id='word_1_116' title='bbox 974 1639 1168 1693; x_wconf 83' lang='lat' dir='ltr'>produnt,</span> <span class='ocrx_word' id='word_1_117' title='bbox 1201 1652 1297 1680; x_wconf 90' lang='lat' dir='ltr'>cum</span> <span class='ocrx_word' id='word_1_118' title='bbox 1328 1639 1505 1694; x_wconf 86' lang='lat' dir='ltr'>Nigrino</span> <span class='ocrx_word' id='word_1_119' title='bbox 1538 1641 1622 1681; x_wconf 87' lang='lat' dir='ltr'>sint</span> 
     </span>
     <span class='ocr_line' id='line_1_17' title="bbox 144 1722 1621 1778; baseline 0.001 -14"><span class='ocrx_word' id='word_1_120' title='bbox 144 1723 426 1778; x_wconf 83' lang='lat' dir='ltr'>comparandi,</span> <span class='ocrx_word' id='word_1_121' title='bbox 486 1736 613 1776; x_wconf 88' lang='lat' dir='ltr'>quam</span> <span class='ocrx_word' id='word_1_122' title='bbox 670 1723 1036 1775; x_wconf 79' lang='lat' dir='ltr'>investigationem</span> <span class='ocrx_word' id='word_1_123' title='bbox 1083 1726 1130 1763; x_wconf 90' lang='lat' dir='ltr'>ut</span> <span class='ocrx_word' id='word_1_124' title='bbox 1175 1722 1341 1764; x_wconf 81' lang='lat' dir='ltr'>facilius</span> <span class='ocrx_word' id='word_1_125' title='bbox 1387 1724 1621 1778; x_wconf 84' lang='lat' dir='ltr'>instituam,</span> 
     </span>
     <span class='ocr_line' id='line_1_18' title="bbox 142 1805 1622 1862; baseline 0.001 -14"><span class='ocrx_word' id='word_1_126' title='bbox 142 1809 276 1862; x_wconf 91' lang='lat' dir='ltr'>primo</span> <span class='ocrx_word' id='word_1_127' title='bbox 319 1808 362 1847; x_wconf 86' lang='lat' dir='ltr'>in</span> <span class='ocrx_word' id='word_1_128' title='bbox 411 1806 565 1861; x_wconf 89' lang='lat' dir='ltr'>quibus</span> <span class='ocrx_word' id='word_1_129' title='bbox 613 1806 809 1860; x_wconf 88' lang='lat' dir='ltr'>operibus</span> <span class='ocrx_word' id='word_1_130' title='bbox 854 1805 1068 1847; x_wconf 87' lang='lat' dir='ltr'>Lucianus</span> <span class='ocrx_word' id='word_1_131' title='bbox 1116 1808 1296 1848; x_wconf 91' lang='lat' dir='ltr'>comicos</span> <span class='ocrx_word' id='word_1_132' title='bbox 1345 1811 1515 1849; x_wconf 87' lang='lat' dir='ltr'>secutus</span> <span class='ocrx_word' id='word_1_133' title='bbox 1558 1809 1622 1861; x_wconf 85' lang='lat' dir='ltr'>sit,</span> 
     </span>
     <span class='ocr_line' id='line_1_19' title="bbox 145 1889 1621 1946; baseline 0.001 -14"><span class='ocrx_word' id='word_1_134' title='bbox 145 1891 295 1933; x_wconf 91' lang='lat' dir='ltr'>deinde</span> <span class='ocrx_word' id='word_1_135' title='bbox 335 1892 379 1931; x_wconf 88' lang='lat' dir='ltr'>in</span> <span class='ocrx_word' id='word_1_136' title='bbox 423 1890 578 1944; x_wconf 87' lang='lat' dir='ltr'>quibus</span> <span class='ocrx_word' id='word_1_137' title='bbox 611 1890 854 1945; x_wconf 78' lang='lat' dir='ltr'>exemplum</span> <span class='ocrx_word' id='word_1_138' title='bbox 888 1889 1073 1945; x_wconf 89' lang='lat' dir='ltr'>Menippi</span> <span class='ocrx_word' id='word_1_139' title='bbox 1106 1903 1275 1933; x_wconf 84' lang='lat' dir='ltr'>cernere</span> <span class='ocrx_word' id='word_1_140' title='bbox 1306 1892 1440 1946; x_wconf 83' lang='lat' dir='ltr'>liceat,</span> <span class='ocrx_word' id='word_1_141' title='bbox 1475 1892 1621 1934; x_wconf 89' lang='lat' dir='ltr'>sedulo</span> 
     </span>
     <span class='ocr_line' id='line_1_20' title="bbox 143 1974 360 2029; baseline -0.005 -13"><span class='ocrx_word' id='word_1_142' title='bbox 143 1974 360 2029; x_wconf 71' lang='lat' dir='ltr'>indagabo</span> 
     </span>
    </p>
   </div>
   <div class='ocr_carea' id='block_1_3' title="bbox 235 2114 1535 2232">
    <p class='ocr_par' dir='ltr' id='par_1_6' title="bbox 235 2114 1535 2232">
     <span class='ocr_line' id='line_1_21' title="bbox 235 2114 1535 2169; baseline -0.001 -11"><span class='ocrx_word' id='word_1_143' title='bbox 235 2117 271 2158; x_wconf 86' lang='lat'>5.</span> <span class='ocrx_word' id='word_1_144' title='bbox 309 2114 374 2157; x_wconf 81' lang='lat' dir='ltr'>De</span> <span class='ocrx_word' id='word_1_145' title='bbox 405 2114 587 2168; x_wconf 57' lang='lat' dir='ltr'>diffloyis,</span> <span class='ocrx_word' id='word_1_146' title='bbox 618 2115 665 2155; x_wconf 65' lang='lat' dir='ltr'>iu</span> <span class='ocrx_word' id='word_1_147' title='bbox 695 2114 840 2169; x_wconf 74' lang='lat' dir='ltr'>quibus</span> <span class='ocrx_word' id='word_1_148' title='bbox 871 2118 1114 2168; x_wconf 70' lang='lat' dir='ltr'>aryumema</span> <span class='ocrx_word' id='word_1_149' title='bbox 1145 2116 1295 2157; x_wconf 77' lang='lat' dir='ltr'>comica</span> <span class='ocrx_word' id='word_1_150' title='bbox 1324 2115 1535 2157; x_wconf 74' lang='lat' dir='ltr'>Lucicmus</span> 
     </span>
     <span class='ocr_line' id='line_1_22' title="bbox 641 2190 1122 2232; baseline 0.002 -1"><span class='ocrx_word' id='word_1_151' title='bbox 641 2191 924 2232; x_wconf 68' lang='lat' dir='ltr'>retractavisse</span> <span class='ocrx_word' id='word_1_152' title='bbox 953 2190 1122 2232; x_wconf 72' lang='lat' dir='ltr'>videtur.</span> 
     </span>
    </p>
   </div>
   <div class='ocr_carea' id='block_1_4' title="bbox 145 2313 1624 2785">
    <p class='ocr_par' dir='ltr' id='par_1_7' title="bbox 145 2313 1624 2785">
     <span class='ocr_line' id='line_1_23' title="bbox 202 2313 1620 2369; baseline 0.001 -13"><span class='ocrx_word' id='word_1_153' title='bbox 202 2314 439 2356; x_wconf 89' lang='lat' dir='ltr'>Lucianum</span> <span class='ocrx_word' id='word_1_154' title='bbox 471 2315 694 2368; x_wconf 82' lang='lat' dir='ltr'>scriptores</span> <span class='ocrx_word' id='word_1_155' title='bbox 729 2314 910 2355; x_wconf 90' lang='lat' dir='ltr'>comicos</span> <span class='ocrx_word' id='word_1_156' title='bbox 943 2313 1048 2356; x_wconf 91' lang='lat' dir='ltr'>bene</span> <span class='ocrx_word' id='word_1_157' title='bbox 1080 2327 1291 2369; x_wconf 85' lang='lat' dir='ltr'>pernosse,</span> <span class='ocrx_word' id='word_1_158' title='bbox 1322 2315 1420 2356; x_wconf 89' lang='lat' dir='ltr'>inde</span> <span class='ocrx_word' id='word_1_159' title='bbox 1452 2315 1620 2357; x_wconf 87' lang='lat' dir='ltr'>conclu-</span> 
     </span>
     <span class='ocr_line' id='line_1_24' title="bbox 146 2397 1623 2453; baseline 0.003 -16"><span class='ocrx_word' id='word_1_160' title='bbox 146 2397 242 2438; x_wconf 88' lang='lat' dir='ltr'>dere</span> <span class='ocrx_word' id='word_1_161' title='bbox 288 2410 527 2452; x_wconf 84' lang='lat' dir='ltr'>possumus,</span> <span class='ocrx_word' id='word_1_162' title='bbox 570 2397 682 2451; x_wconf 88' lang='lat' dir='ltr'>quod</span> <span class='ocrx_word' id='word_1_163' title='bbox 716 2410 800 2437; x_wconf 91' lang='lat' dir='ltr'>non</span> <span class='ocrx_word' id='word_1_164' title='bbox 835 2397 968 2438; x_wconf 86' lang='lat' dir='ltr'>solum</span> <span class='ocrx_word' id='word_1_165' title='bbox 1002 2399 1190 2452; x_wconf 75' lang='lat' dir='ltr'>respexit</span> <span class='ocrx_word' id='word_1_166' title='bbox 1222 2399 1273 2439; x_wconf 89' lang='lat' dir='ltr'>ad</span> <span class='ocrx_word' id='word_1_167' title='bbox 1305 2398 1480 2453; x_wconf 86' lang='lat' dir='ltr'>fabulas,</span> <span class='ocrx_word' id='word_1_168' title='bbox 1515 2412 1623 2453; x_wconf 88' lang='lat' dir='ltr'>quae</span> 
     </span>
     <span class='ocr_line' id='line_1_25' title="bbox 147 2481 1624 2535; baseline 0.001 -13"><span class='ocrx_word' id='word_1_169' title='bbox 147 2481 236 2522; x_wconf 86' lang='lat' dir='ltr'>sive</span> <span class='ocrx_word' id='word_1_170' title='bbox 275 2482 462 2535; x_wconf 86' lang='lat' dir='ltr'>integrae</span> <span class='ocrx_word' id='word_1_171' title='bbox 504 2484 733 2535; x_wconf 87' lang='lat' dir='ltr'>supersunt</span> <span class='ocrx_word' id='word_1_172' title='bbox 776 2482 864 2522; x_wconf 83' lang='lat' dir='ltr'>sive</span> <span class='ocrx_word' id='word_1_173' title='bbox 905 2482 1027 2522; x_wconf 85' lang='lat' dir='ltr'>titulo</span> <span class='ocrx_word' id='word_1_174' title='bbox 1060 2485 1170 2523; x_wconf 84' lang='lat' dir='ltr'>certe</span> <span class='ocrx_word' id='word_1_175' title='bbox 1202 2485 1326 2523; x_wconf 88' lang='lat' dir='ltr'>notae</span> <span class='ocrx_word' id='word_1_176' title='bbox 1361 2486 1461 2523; x_wconf 89' lang='lat' dir='ltr'>sunt</span> <span class='ocrx_word' id='word_1_177' title='bbox 1495 2482 1624 2535; x_wconf 87' lang='lat' dir='ltr'>(Aves</span> 
     </span>
     <span class='ocr_line' id='line_1_26' title="bbox 145 2563 1621 2620; baseline 0.002 -16"><span class='ocrx_word' id='word_1_178' title='bbox 145 2565 356 2619; x_wconf 89' lang='lat' dir='ltr'>Aristoph.</span> <span class='ocrx_word' id='word_1_179' title='bbox 390 2565 485 2606; x_wconf 87' lang='lat' dir='ltr'>Ver.</span> <span class='ocrx_word' id='word_1_180' title='bbox 517 2564 625 2605; x_wconf 89' lang='lat' dir='ltr'>Hist.</span> <span class='ocrx_word' id='word_1_181' title='bbox 661 2566 695 2604; x_wconf 88' lang='lat'>1.</span> <span class='ocrx_word' id='word_1_182' title='bbox 729 2565 795 2604; x_wconf 79' lang='lat'>29.</span> <span class='ocrx_word' id='word_1_183' title='bbox 823 2563 968 2605; x_wconf 88' lang='lat' dir='ltr'>Nubes</span> <span class='ocrx_word' id='word_1_184' title='bbox 995 2565 1101 2605; x_wconf 87' lang='lat' dir='ltr'>Pisc.</span> <span class='ocrx_word' id='word_1_185' title='bbox 1131 2565 1185 2604; x_wconf 73' lang='lat'>25</span> <span class='ocrx_word' id='word_1_186' title='bbox 1213 2563 1369 2605; x_wconf 75' lang='grc' dir='ltr'><em>Βαπται</em></span> <span class='ocrx_word' id='word_1_187' title='bbox 1401 2565 1621 2620; x_wconf 81' lang='lat' dir='ltr'>Eupolidis</span> 
     </span>
     <span class='ocr_line' id='line_1_27' title="bbox 148 2647 1622 2703; baseline 0.002 -15"><span class='ocrx_word' id='word_1_188' title='bbox 148 2648 238 2688; x_wconf 77' lang='lat' dir='ltr'>adV.</span> <span class='ocrx_word' id='word_1_189' title='bbox 286 2648 369 2687; x_wconf 89' lang='lat' dir='ltr'>ind.</span> <span class='ocrx_word' id='word_1_190' title='bbox 414 2649 495 2700; x_wconf 75' lang='lat'>27),</span> <span class='ocrx_word' id='word_1_191' title='bbox 538 2647 610 2688; x_wconf 89' lang='lat' dir='ltr'>sed</span> <span class='ocrx_word' id='word_1_192' title='bbox 644 2660 765 2701; x_wconf 87' lang='lat' dir='ltr'>saepe</span> <span class='ocrx_word' id='word_1_193' title='bbox 797 2647 1055 2701; x_wconf 85' lang='lat' dir='ltr'>imaginibus</span> <span class='ocrx_word' id='word_1_194' title='bbox 1088 2649 1233 2702; x_wconf 80' lang='lat' dir='ltr'>utitur,</span> <span class='ocrx_word' id='word_1_195' title='bbox 1266 2661 1375 2703; x_wconf 86' lang='lat' dir='ltr'>quae</span> <span class='ocrx_word' id='word_1_196' title='bbox 1406 2649 1459 2690; x_wconf 87' lang='lat' dir='ltr'>ad</span> <span class='ocrx_word' id='word_1_197' title='bbox 1491 2653 1622 2691; x_wconf 86' lang='lat' dir='ltr'>artem</span> 
     </span>
     <span class='ocr_line' id='line_1_28' title="bbox 149 2731 1624 2785; baseline 0.001 -13"><span class='ocrx_word' id='word_1_198' title='bbox 149 2731 355 2772; x_wconf 87' lang='lat' dir='ltr'>scenicam</span> <span class='ocrx_word' id='word_1_199' title='bbox 397 2732 606 2784; x_wconf 82' lang='lat' dir='ltr'>pertinent</span> <span class='ocrx_word' id='word_1_200' title='bbox 647 2734 773 2785; x_wconf 87' lang='lat' dir='ltr'>atque</span> <span class='ocrx_word' id='word_1_201' title='bbox 806 2731 855 2772; x_wconf 91' lang='lat' dir='ltr'>de</span> <span class='ocrx_word' id='word_1_202' title='bbox 886 2731 1137 2772; x_wconf 87' lang='lat' dir='ltr'>histrionum</span> <span class='ocrx_word' id='word_1_203' title='bbox 1171 2731 1399 2774; x_wconf 83' lang='lat' dir='ltr'>virtutibus</span> <span class='ocrx_word' id='word_1_204' title='bbox 1431 2746 1479 2773; x_wconf 85' lang='lat' dir='ltr'>ac</span> <span class='ocrx_word' id='word_1_205' title='bbox 1509 2735 1624 2774; x_wconf 87' lang='lat' dir='ltr'>vitiis</span> 
     </span>
    </p>
   </div>
   <div class='ocr_carea' id='block_1_5' title="bbox 150 2814 1626 2869">
    <p class='ocr_par' dir='ltr' id='par_1_8' title="bbox 150 2814 1626 2869">
     <span class='ocr_line' id='line_1_29' title="bbox 150 2814 1626 2869; baseline 0.003 -15"><span class='ocrx_word' id='word_1_206' title='bbox 150 2815 209 2855; x_wconf 86' lang='lat' dir='ltr'>ita</span> <span class='ocrx_word' id='word_1_207' title='bbox 240 2814 438 2868; x_wconf 85' lang='lat' dir='ltr'>loquitur,</span> <span class='ocrx_word' id='word_1_208' title='bbox 472 2818 518 2855; x_wconf 90' lang='lat' dir='ltr'>ut</span> <span class='ocrx_word' id='word_1_209' title='bbox 547 2814 730 2855; x_wconf 83' lang='lat' dir='ltr'>dubitari</span> <span class='ocrx_word' id='word_1_210' title='bbox 756 2818 948 2868; x_wconf 85' lang='lat' dir='ltr'>nequeat,</span> <span class='ocrx_word' id='word_1_211' title='bbox 977 2816 1077 2869; x_wconf 89' lang='lat' dir='ltr'>quin</span> <span class='ocrx_word' id='word_1_212' title='bbox 1108 2817 1295 2857; x_wconf 87' lang='lat' dir='ltr'>scenicas</span> <span class='ocrx_word' id='word_1_213' title='bbox 1323 2817 1507 2858; x_wconf 88' lang='lat' dir='ltr'>actiones</span> <span class='ocrx_word' id='word_1_214' title='bbox 1534 2817 1626 2858; x_wconf 88' lang='lat' dir='ltr'>dili-</span> 
     </span>
    </p>
   </div>
  </div>
 </body>
</html>
