1934 3334
853 352 934 392 123

153 493 411 547 Theagenem
452 494 563 546 justo
605 493 796 546 iniquius
831 493 1045 532 notavisse
1083 490 1366 531 animadverti.
1398 489 1557 531 Iterum
1589 490 1633 529 in

154 576 238 618 fine
277 576 507 628 Rhetornm
549 576 836 629 Praeceptoris
879 575 948 615 ille
995 572 1226 624 Διοσκούροις
1258 572 1457 622 ὁμώνυμος
1490 573 1540 614 ob
1574 573 1634 613 di-

155 673 276 702 versa
317 661 502 712 crimina,
545 672 654 713 quae
697 659 747 699 ad
791 659 1038 699 rhetoricam
1073 657 1163 697 eius
1196 656 1492 710 professionem
1526 655 1632 695 nihil

154 743 429 797 pertinebant,
458 742 604 784 acerbe
628 745 828 783 tractatus
847 744 909 782 est
926 742 965 793 ¹).
985 739 1119 789 Quam
1138 739 1400 780 conviciandi
1417 738 1635 779 libidinem

154 830 195 867 et
227 827 508 867 morositatem
537 825 723 866 Luciano
752 828 994 866 senescente
1023 824 1180 864 sensim
1213 826 1378 863 auctam
1397 835 1487 863 esse
1503 835 1577 876 per
1594 835 1638 863 se

155 909 405 963 intelligitur
452 912 491 949 et
539 921 662 962 opera
709 907 923 948 Adversus
968 907 1185 947 Incloctmn
1233 909 1273 946 et
1319 904 1639 958 Pseucloloyz'stes

157 993 297 1033 lucide
345 992 631 1033 demonstrare
678 994 866 1045 possunt.
917 989 1033 1038 Quae
1081 989 1192 1030 enim
1236 988 1455 1028 maledicta
1498 989 1541 1027 in
1574 987 1639 1028 his

156 1076 311 1117 libellis
370 1076 582 1129 leguntur,
629 1078 845 1128 tantopere
894 1073 1064 1113 modum
1115 1071 1336 1123 excedunt,
1382 1074 1430 1111 ut
1478 1070 1639 1111 urbana

159 1158 334 1200 Luciani
366 1163 529 1211 natura,
563 1158 664 1198 alibi
697 1158 928 1211 perspicua,
960 1156 1018 1196 ibi
1050 1155 1207 1196 frustra
1242 1158 1475 1208 quaeratur.

221 1241 341 1283 Duae
373 1242 523 1290 deinde
554 1254 743 1282 morosae
776 1240 1148 1281 commentationes
1166 1238 1213 1279 de
1230 1238 1366 1278 Luem
1383 1237 1485 1279 etde
1503 1236 1640 1279 Sacri-

157 1326 262 1378 fice'z's
312 1330 551 1380 supersunt,
599 1338 703 1379 quas
751 1327 892 1365 utrum
942 1323 993 1364 ad
1042 1323 1206 1363 tertiam
1257 1335 1308 1362 an
1351 1322 1403 1362 ad
1451 1325 1639 1375 quartam

160 1412 335 1451 aetatem
383 1408 571 1461 referam,
614 1408 715 1448 mihi
758 1420 841 1448 non
880 1409 1040 1447 certum
1074 1409 1147 1446 est.
1180 1405 1301 1445 Prior
1332 1405 1442 1445 enim
1474 1403 1641 1445 libellus

160 1495 244 1533 tam
273 1493 379 1533 tristi
408 1504 599 1533 sermone
626 1494 687 1532 est
716 1492 910 1545 scriptus,
939 1493 985 1530 ut
1012 1489 1062 1530 ab
1082 1502 1128 1530 eo
1149 1488 1358 1543 profectus
1377 1501 1467 1529 esse
1486 1487 1643 1540 debeat,

163 1577 237 1629 qui
269 1576 394 1629 longa
429 1575 636 1615 malorum
669 1576 775 1615 serie
801 1573 1004 1628 gaudium
1033 1574 1144 1613 vitae
1174 1572 1391 1613 amisisset.
1420 1572 1539 1612 Alter
1556 1584 1642 1612 non

159 1658 324 1700 fabulas
357 1659 406 1699 de
439 1659 526 1699 deis
560 1658 625 1699 Vel
657 1658 885 1699 sententias
913 1656 1152 1697 mortalium
1183 1656 1233 1696 de
1259 1656 1489 1695 numinum
1509 1658 1645 1708 potes-

167 1745 250 1782 tate
281 1741 429 1783 festive
460 1741 610 1794 illudit,
643 1744 691 1782 ut
722 1740 936 1781 Lucianus
970 1743 1090 1780 antea
1118 1738 1311 1779 Comicos
1340 1742 1380 1779 et
1397 1738 1645 1792 Menippum

165 1829 335 1866 secutus
367 1825 503 1866 facere
536 1824 704 1878 solebat,
737 1825 808 1866 sed
841 1826 982 1878 ipsum
1017 1824 1119 1864 adeo
1153 1824 1314 1864 cultum
1346 1824 1536 1863 divinum
1557 1826 1645 1863 tam

165 1909 372 1950 hostiliter
414 1922 638 1964 aggressus
681 1912 755 1962 est,
793 1912 840 1949 ut
871 1909 1026 1949 morosi
1058 1909 1170 1948 senis
1203 1920 1308 1960 opus
1342 1919 1432 1947 esse
1464 1909 1646 1947 statuere

164 1992 299 2033 liceat.
335 1991 440 2033 Cum
475 1993 782 2046 Aegyptiorum
818 1992 1062 2045 praesertim
1094 1991 1338 2045 religionem
1371 1990 1435 2042 (de
1453 2002 1553 2030 sacr.
1575 1990 1645 2043 14)

164 2076 474 2129 ineptissimam
525 2076 715 2129 scriptori
764 2075 897 2116 videri
938 2075 1148 2128 legissem,
1192 2078 1232 2115 et
1263 2075 1306 2114 in
1341 2074 1390 2114 de
1422 2073 1558 2114 Luctu
1591 2073 1643 2112 21

168 2158 293 2199 verba
326 2157 539 2208 Αἰγύπτιος
573 2157 643 2207 μὲν
675 2174 722 2208 γε
755 2183 807 2188 --
842 2156 942 2207 λέγω
975 2157 1008 2198 δ’
1042 2157 1126 2198 ἰδών
1160 2183 1213 2187 —
1246 2154 1411 2208 ξηράνας
1437 2155 1499 2196 τὸν
1527 2155 1646 2207 νεκρὸν

168 2241 382 2283 σύνδειπνον
413 2241 479 2282 καὶ
513 2239 715 2291 συμπότην
746 2240 949 2288 ἐποιήσατο
982 2242 1252 2293 invenissem,
1283 2239 1516 2280 Lucianum
1546 2240 1646 2280 haec

169 2339 292 2380 opera
339 2325 589 2366 scribentem
628 2326 713 2377 jam
758 2325 1013 2379 Aegyptum,
1057 2324 1128 2365 ubi
1172 2327 1315 2378 postea
1357 2336 1453 2364 eum
1487 2324 1647 2364 vixisse

168 2412 342 2463 constat,
377 2410 676 2463 demigravisse
711 2409 910 2449 conclusi.

230 2492 338 2542 Quia
369 2497 509 2534 autem
542 2492 670 2533 libros
698 2493 748 2534 de
778 2492 915 2533 Luctu
948 2495 988 2533 et
1020 2492 1070 2533 de
1098 2491 1322 2532 Sacrificiis
1348 2504 1422 2545 pro
1450 2490 1646 2545 operibus

213 2675 246 2717 1)
269 2675 387 2716 Neque
411 2673 652 2716 praetereunda
676 2676 726 2704 est
750 2673 929 2704 Alea-andri
951 2672 1032 2712 οἰκίῃ
1060 2682 1140 2704 nam
1165 2672 1240 2703 licet
1261 2671 1469 2703 credulitatis
1480 2673 1513 2702 et
1527 2679 1647 2711 super-

170 2737 317 2769 stitionis
351 2739 503 2767 exactam
540 2735 733 2776 imaginem,
768 2734 893 2775 quibus
928 2733 1083 2764 homines
1120 2732 1373 2764 Antoninorum
1410 2741 1489 2763 aevo
1514 2730 1647 2763 obnoxii

171 2800 277 2837 erant,
300 2797 384 2839 grati
411 2796 623 2837 accipiamus,
647 2799 761 2827 tamen
786 2805 853 2826 non
878 2798 928 2826 est
950 2794 1168 2826 infitiandum
1183 2793 1371 2825 Lucianum
1385 2793 1483 2824 illum
1496 2793 1646 2824 fallacem

171 2858 401 2890 circulatorem
429 2857 531 2888 nimis
554 2859 627 2888 atro
650 2856 792 2888 carbone
819 2859 959 2887 notasse.
