1934 3334
993 339 1044 378 92

276 477 419 517 eodem
452 476 536 517 fere
569 480 766 530 tempore,
801 490 883 530 quo
920 476 1210 530 „Menippus’',
1242 478 1265 517 i.
1283 490 1314 518 e.
1351 480 1446 518 ante
1479 490 1640 518 annum
1676 476 1758 517 165

276 562 459 614 scriptus
493 564 565 601 est.

335 642 410 682 III.
458 643 587 683 Aliud
630 643 942 696 documentum,
985 643 1097 697 quod
1141 642 1376 684 Lucianum
1418 643 1570 697 placita
1614 644 1760 696 cynica

276 727 456 767 comicae
489 739 692 780 personae
724 727 923 768 tribuisse
955 727 1112 781 probat,
1147 726 1295 768 Gallus
1327 731 1387 768 est
1420 727 1650 781 putandus,
1688 727 1761 768 ubi

277 811 414 864 gallus
462 810 718 851 domesticus
763 811 980 852 dominum
1026 810 1243 863 Micyllum
1280 811 1446 851 divitias
1482 812 1761 852 somniantem

277 899 404 935 cantu
438 883 464 935 e
492 908 639 935 somno
673 896 828 936 excitat
862 900 901 937 et
937 908 1141 949 pauperes
1176 909 1301 950 parvo
1337 900 1554 937 contentos
1587 895 1764 938 feliciter

279 980 430 1028 vivere,
483 979 632 1020 divites
678 983 717 1020 et
764 982 951 1033 potentes
999 992 1162 1033 semper
1210 979 1569 1020 sollicitudinibus
1620 981 1764 1021 vexari

278 1062 535 1103 demonstrat
582 1063 794 1114 (ΖΙ-28).
842 1062 1015 1103 Initium
1062 1063 1214 1117 dialogi
1258 1064 1397 1103 statim
1432 1063 1688 1104 comoediam
1721 1065 1764 1104 in

277 1147 520 1186 memoriam
562 1150 742 1199 revocat,
784 1150 909 1200 atque
954 1146 1127 1187 fuerunt
1170 1148 1250 1186 viri
1283 1147 1403 1199 docti,
1437 1147 1509 1200 qui
1543 1147 1759 1201 epistolam

280 1230 604 1284 Alciphroneam
638 1232 689 1282 (3.
728 1231 793 1282 10)
822 1243 876 1272 ex
904 1231 1047 1272 eodem
1077 1230 1192 1272 fonte
1220 1231 1398 1272 fluxisse
1424 1234 1629 1285 putarent.
1649 1230 1765 1281 Quae

283 1315 423 1368 opinio
456 1315 552 1356 licet
585 1316 710 1356 nimis
743 1316 902 1356 incerta
937 1316 1002 1367 sit,
1035 1315 1115 1356 alia
1146 1319 1287 1356 tamen
1321 1327 1445 1356 scena
1478 1316 1680 1368 (aa-33)
1711 1315 1761 1356 ab

282 1399 396 1438 omni
431 1404 546 1452 parte
579 1399 631 1439 ad
660 1400 862 1439 comicam
893 1412 1081 1439 normam
1112 1403 1173 1440 est
1199 1399 1377 1452 redacta,
1406 1413 1530 1453 quam
1561 1400 1765 1453 originem

283 1482 445 1523 dudum
492 1482 653 1523 detexit
692 1482 1047 1534 Valckenaerius3
1090 1482 1278 1523 Kockius
1312 1487 1452 1524 autem
1483 1482 1766 1536 fragmentum

282 1579 304 1606 e
349 1566 577 1620 Theogneti
623 1566 765 1607 fabula
813 1565 1047 1618 Φιλάργυρος
1095 1564 1115 1612 ἢ
1161 1564 1313 1617 φάσμα
1358 1567 1423 1607 hic
1465 1566 1559 1620 legi,
1591 1566 1767 1608 fortasse

283 1654 392 1691 recte
426 1650 641 1691 divinavit.

341 1734 413 1774 IV.
448 1735 565 1776 Idem
595 1738 732 1775 autem
762 1735 972 1787 Micyllus,
1000 1736 1041 1775 in
1074 1734 1192 1775 Gallo
1210 1733 1486 1784 φιλόπλουτος,
1505 1735 1547 1774 in
1574 1734 1769 1787 Tyranno

284 1818 335 1858 ad
382 1819 573 1859 meliores
620 1819 894 1873 cogitationes
943 1822 1131 1859 mutatus
1180 1818 1291 1871 apud
1337 1817 1493 1858 inferos
1538 1817 1767 1871 perfectum

284 1904 481 1954 cynicum
515 1904 610 1956 agit.
647 1901 779 1950 Quem
817 1903 985 1943 tertium
1023 1902 1232 1956 dialogum
1267 1914 1351 1955 qua
1368 1914 1494 1941 causa
1511 1901 1563 1941 ad
1581 1900 1769 1955 Menippi

284 1999 474 2026 normam
508 1988 788 2040 compositum
822 1987 892 2028 sed
923 1986 1189 2027 Comicorum
1222 1985 1480 2025 ornamentis
1511 1984 1766 2025 illustratum

285 2081 376 2110 esse
421 2070 600 2122 credam,
648 2071 795 2124 paucis
843 2083 1061 2123 exponam.
1112 2069 1146 2109 Ε
1190 2068 1455 2109 Mortuorum
1499 2066 1687 2122 Dialogis
1730 2071 1771 2108 et

284 2153 587 2206 Necyomantia
621 2155 813 2208 apparuit
846 2153 1088 2207 Menippeas
1120 2152 1284 2193 fabulas
1317 2165 1439 2206 saepe
1471 2152 1582 2206 apud
1614 2152 1770 2194 inferos

287 2241 398 2279 actas
447 2251 558 2289 esse3
610 2239 707 2292 quia
755 2242 966 2292 praeterea
1010 2238 1148 2289 iidem,
1193 2238 1265 2290 qui
1310 2238 1352 2276 in
1392 2235 1561 2288 Cynicis
1595 2236 1770 2290 dialogis

288 2321 413 2362 verba
455 2322 674 2374 faciebant,
714 2321 890 2374 Charon,
924 2321 1173 2374 Mercurius,
1207 2320 1426 2373 Cyniscus,
1459 2321 1583 2361 etiam
1616 2321 1660 2360 in
1691 2319 1771 2372 Ty-

287 2419 417 2446 ranno
459 2403 682 2456 φιλοδόὲους
726 2408 955 2459 increpant,
989 2404 1223 2446 Lucianum
1258 2406 1302 2444 in
1335 2405 1412 2445 hoc
1446 2416 1615 2457 quoque
1648 2416 1772 2458 opere

288 2491 546 2531 conficiendo
590 2490 736 2543 Cynici
781 2490 967 2543 magistri
1012 2502 1237 2530 memorem
1278 2488 1406 2529 fuisse
1440 2487 1666 2528 verisimile
1698 2491 1770 2529 est.

287 2573 368 2613 Pro
417 2575 673 2614 ornamentis
716 2586 814 2615 vero
858 2586 879 2614 e
922 2573 1133 2613 comoedia
1166 2573 1318 2626 petitis,
1351 2571 1545 2612 fabellam
1577 2572 1619 2611 in
1655 2572 1678 2624 ξ
1719 2572 1770 2611 12

288 2661 496 2697 narratam
539 2662 578 2698 et
619 2658 870 2710 testimonia,
915 2669 1022 2710 quae
1068 2655 1314 2708 „Lucerna”
1358 2660 1398 2696 et
1441 2654 1694 2707 „Lectulus”
1726 2656 1771 2695 in

287 2744 513 2792 tyrannum
562 2740 880 2794 Megapenthem
927 2740 1108 2794 proferre
1156 2744 1392 2792 narrantur,
1438 2738 1590 2779 habere
1634 2738 1771 2779 velim.

289 2822 401 2871 Quas
445 2825 582 2864 varias
625 2828 764 2877 partes
806 2822 1040 2864 Lucianum
1076 2836 1159 2863 non
1194 2825 1287 2876 apte
1321 2822 1595 2875 conjunxisse
1627 2833 1650 2861 e
1678 2821 1772 2873 joco
