1934 3334
1016 347 1067 386 10

358 485 479 535 Quod
520 489 659 528 autem
691 485 877 528 Luciano
911 499 1006 528 cum
1040 487 1295 528 comicorum
1329 486 1574 541 fragmentis
1606 500 1771 543 compa·

298 573 399 622 rato,
431 583 513 623 quo
546 571 721 624 scriptor
751 570 902 611 melius
929 570 1123 623 cognosci
1150 570 1292 623 possit,
1318 570 1477 623 inveni,
1492 582 1608 611 nunc
1625 571 1771 625 paucis

298 653 516 694 vobiscum
549 653 879 694 communicabo.

351 736 401 777 ln
435 736 642 791 operibus,
671 750 778 791 quae
805 738 993 778 omnium
1024 749 1232 777 consensu
1262 737 1467 778 rhetorica
1485 738 1773 792 nominantur,

297 820 455 861 nullam
504 834 589 862 uno
629 821 805 863 fortasse
847 822 890 861 in
934 820 1140 861 Toxaride
1173 820 1263 861 loco
1297 824 1483 874 excepto,
1517 822 1773 862 comicorum

296 888 575 946 imitationem
608 906 797 959 detegere
828 906 957 960 potui.

356 988 506 1043 Neque
543 990 586 1029 in
618 989 750 1043 libris,
783 1002 889 1043 quos
920 990 1009 1042 ipse
1042 1000 1183 1029 senem
1217 1000 1261 1029 se
1293 989 1579 1042 composuisse
1609 988 1776 1043 fatetur,

296 1071 431 1113 ullum
465 1073 671 1114 eiusmodi
702 1073 926 1127 vestigium
958 1072 1158 1126 apparuit.

354 1155 459 1196 Item
505 1157 549 1196 in
597 1157 747 1209 satiris,
794 1157 837 1196 in
886 1156 1041 1210 quibus
1087 1157 1187 1197 certi
1234 1156 1424 1197 homines
1455 1160 1530 1197 aut
1567 1157 1772 1211 quaedam

299 1240 542 1293 aequalium
576 1241 677 1280 vitia
708 1241 1060 1294 perstringuntur,
1089 1240 1289 1280 comicam
1319 1239 1542 1280 dictionem
1562 1253 1770 1294 nusquam

295 1325 380 1364 nisi
421 1337 514 1364 raro
546 1325 701 1364 inveni.
733 1323 831 1365 Tres
864 1324 1015 1377 dialogi
1049 1328 1187 1364 tamen
1220 1322 1417 1377 Fugitivi,
1450 1322 1700 1364 Convivium
1733 1327 1774 1365 et

297 1406 600 1461 Philopseudes
646 1411 745 1469 sunt
786 1407 1033 1461 excipiendi,
1076 1408 1149 1460 qui
1184 1407 1281 1447 licet
1312 1407 1354 1446 in
1388 1419 1562 1448 coaevos
1592 1407 1773 1461 philoso-

296 1491 401 1544 phos
434 1491 576 1544 scripti
610 1492 704 1543 sint,
736 1492 987 1531 comicorum
1023 1495 1162 1531 tamen
1190 1490 1372 1531 indolem
1391 1491 1549 1544 spirare
1565 1490 1772 1532 videntur.

355 1574 583 1615 Restabant
630 1575 869 1628 quindecim
916 1575 1001 1615 fere
1049 1574 1213 1628 dialogi,
1261 1586 1440 1627 quorum
1476 1578 1771 1628 argumentum

296 1657 510 1699 Lucianus
557 1671 579 1699 e
621 1659 832 1700 comoedia
873 1662 1090 1699 mutuatus
1132 1661 1205 1710 est,
1247 1660 1318 1697 aut
1361 1669 1542 1710 quorum
1590 1657 1772 1699 indolem

296 1741 471 1783 floribus
519 1755 572 1783 eX
619 1743 738 1783 horto
788 1742 1051 1782 Comicorum
1100 1742 1252 1794 carptis
1298 1740 1535 1781 hilariorem
1583 1740 1773 1781 reddidit.

299 1824 466 1874 Quibus
513 1827 557 1866 in
604 1826 722 1866 libris
768 1839 853 1866 non
901 1825 1075 1865 Luciani
1122 1823 1317 1878 aequales
1366 1823 1438 1864 sed
1487 1824 1649 1877 antiqui
1696 1824 1773 1877 dei,

297 1912 458 1950 veteres
500 1909 786 1964 philosophiae
828 1909 967 1961 duces,
1008 1908 1191 1962 parasiti,
1223 1907 1472 1960 meretrices,
1506 1919 1626 1948 senes
1658 1907 1773 1948 avari

297 1994 528 2048 primarum
562 1996 661 2034 sunt
693 1996 862 2033 actores.

354 2076 403 2117 In
453 2080 650 2131 quattuor
681 2078 811 2131 igitur
842 2089 995 2131 genera
1026 2075 1202 2116 Luciani
1234 2088 1359 2130 opera
1391 2074 1617 2116 dividenda
1648 2078 1769 2116 sunt:

357 2161 413 2201 10.
444 2161 657 2201 rhetorica.

357 2237 414 2276 20.
447 2237 491 2276 in
526 2236 680 2290 quibus
714 2237 889 2290 scriptor
920 2239 1179 2277 senectutem
1211 2247 1330 2275 suam
1362 2234 1594 2274 miseratur.

356 2320 412 2360 30.
444 2321 489 2360 in
524 2320 678 2374 quibus
711 2320 906 2374 aequales
941 2321 1282 2374 perstringuntur
1314 2321 1385 2358 aut
1417 2317 1653 2358 laudantur.

355 2404 414 2443 40.
447 2404 491 2443 in
525 2403 680 2457 quibus
713 2404 894 2444 comicae
926 2415 1127 2457 personae
1156 2405 1295 2455 partes
1328 2403 1472 2454 agunt.

354 2484 483 2526 Hisce
530 2486 756 2540 generibus
804 2490 993 2527 certaene
1037 2489 1190 2526 aetates
1231 2483 1495 2538 respondent,
1536 2496 1589 2523 an
1631 2484 1771 2524 omnia

296 2581 370 2622 per
402 2573 530 2610 totam
564 2571 690 2610 vitam
725 2570 911 2624 dispersa
942 2570 1252 2610 inveniuntur?

356 2651 490 2700 Quam
539 2654 825 2706 quaestionem
860 2657 907 2693 ut
940 2654 1093 2693 certius
1127 2653 1330 2705 dirimam,
1364 2655 1562 2706 quattuor
1593 2650 1769 2692 Luciani

296 2735 427 2776 libelli
473 2735 669 2776 afferendi
717 2740 827 2788 sunt,
874 2749 979 2789 quos
1027 2748 1073 2776 eo
1123 2737 1287 2789 scripsit
1327 2735 1514 2788 consilio,
1556 2739 1603 2774 ut
1648 2747 1767 2774 suam

296 2819 430 2872 ipsius
458 2818 667 2860 fortunam
701 2824 921 2872 enarraret,
955 2824 1027 2860 aut
1059 2819 1108 2860 ab
1143 2820 1475 2861 adversariorum
1509 2831 1553 2860 se
1584 2819 1767 2859 crimini-
