1934 3334
1037 349 1089 392 18

313 490 462 533 litteris
503 491 679 544 dedisse,
714 504 822 545 quae
854 491 985 532 verba
1015 505 1038 532 a
1071 492 1173 533 viris
1205 491 1337 539 doctis
1370 493 1443 532 aut
1475 491 1630 544 injuria
1662 491 1704 531 in
1724 490 1781 531 du

313 574 431 616 bium
467 577 669 615 vocantur
701 578 774 615 aut
805 588 1000 629 perverse
1029 575 1302 629 explicantur.
1334 573 1455 623 Quod
1483 578 1624 615 autem
1654 575 1801 616 Antio-

316 659 431 700 chiae
478 658 664 700 Luciano
708 659 968 700 domicilium
1013 659 1143 701 fuisse
1188 659 1300 713 dicit,
1332 659 1375 699 id
1409 672 1432 700 a
1465 658 1659 713 plurimis
1691 672 1730 699 v,
1764 658 1803 699 d.

313 755 388 797 pro
420 744 602 797 pessimo
639 747 874 784 commento
908 743 1110 795 habetur3
1141 746 1181 784 at
1208 756 1355 797 rogare
1380 742 1516 796 velim,
1536 742 1637 797 quid
1657 741 1804 797 obstet,

319 828 548 890 quominus
581 828 617 869 ei
649 827 773 868 fidem
805 827 1055 880 habeamus,
1085 829 1214 868 immo
1243 840 1295 868 ex
1323 828 1425 882 ipsis
1442 826 1619 868 Luciani
1638 827 1804 881 scriptis

317 914 613 965 argumentum
648 911 760 952 haud
789 911 1142 953 contemnendum
1173 912 1256 965 peti
1285 914 1432 965 potest,
1460 911 1545 964 qui,
1563 910 1659 951 licet
1676 910 1804 951 diser-

318 996 372 1036 tis
406 994 544 1037 verbis
577 1009 789 1049 nusquam
824 996 900 1036 hac
934 996 984 1036 de
1015 1008 1059 1036 re
1092 995 1260 1036 locutus
1286 994 1424 1048 fuerit,
1442 998 1580 1036 tamen
1599 995 1642 1035 in
1661 994 1803 1036 libello

317 1079 368 1120 de
400 1078 630 1120 Saltatione
663 1079 887 1121 histriones
921 1083 961 1121 et
994 1080 1201 1120 theatrum
1235 1079 1546 1120 Antiochenum
1576 1081 1658 1119 tam
1692 1079 1803 1120 vivis

318 1162 529 1204 coloribus
562 1164 708 1217 pingit,
740 1167 787 1204 ut
815 1164 918 1217 quin
951 1165 1041 1218 ipse
1075 1163 1148 1204 has
1182 1163 1367 1204 scenicas
1399 1163 1584 1203 actiones
1617 1165 1804 1217 spectare

317 1247 468 1288 solitus
499 1246 637 1301 fuerit,
671 1247 853 1288 dubitari
885 1250 1075 1301 nequeat.
1109 1246 1235 1288 Nunc
1262 1247 1493 1300 videamus,
1512 1258 1619 1300 quae
1637 1246 1687 1287 de
1705 1246 1800 1287 aliis

315 1329 455 1372 verbis
487 1344 524 1371 V.
557 1330 593 1371 d.
626 1330 836 1385 proferant
862 1331 1033 1385 judicia.

373 1414 631 1456 Fritzschius
677 1415 769 1468 (Ed.
812 1414 911 1456 Luc.
960 1415 1036 1456 ΠΙ.
1080 1417 1116 1456 2.
1159 1415 1265 1469 LX.)
1312 1416 1412 1456 dicit
1461 1428 1540 1468 „ex
1588 1415 1800 1457 causidico

318 1498 582 1553 aliquamdiu
614 1499 766 1552 rhetor,
797 1512 819 1540 e
850 1500 1013 1541 rhetore
1040 1513 1212 1540 rursum
1242 1499 1381 1541 evadit
1409 1498 1646 1552 satiricus'’,
1663 1511 1801 1553 neque

315 1596 353 1623 v.
396 1583 432 1624 d.
493 1582 674 1625 Ohlebus
732 1584 775 1624 in
824 1583 1117 1624 dissertatione
1167 1583 1243 1636 „de
1289 1582 1476 1624 Luciano
1523 1582 1800 1637 philosopho'’

315 1669 365 1722 (p.
411 1669 480 1722 20)
541 1668 591 1708 ab
653 1681 700 1709 eo
750 1668 953 1709 dissentit.
1002 1668 1100 1720 Alii,
1149 1668 1304 1722 quibus
1353 1667 1537 1709 Meesius
1584 1668 1800 1723 popularis

313 1754 455 1793 noster
500 1751 632 1793 facem
680 1752 888 1806 praetulit,
932 1756 1043 1793 recte
1076 1752 1183 1793 hanc
1217 1753 1539 1806 explicationem
1575 1752 1799 1793 damnave-

312 1839 424 1888 runt,
473 1836 572 1889 quia
619 1835 806 1877 rhetores
848 1837 957 1877 inter
999 1836 1163 1877 diversa
1195 1836 1346 1888 officia,
1381 1849 1487 1890 quae
1519 1836 1799 1891 praestabant,

313 1919 437 1959 etiam
484 1931 655 1959 reorum
698 1932 846 1960 causas
889 1920 1102 1974 suscipere
1145 1920 1345 1961 solebant.
1391 1920 1472 1961 Sed
1514 1933 1611 1961 cum
1643 1920 1798 1962 Suidae

309 2001 435 2043 fidem
495 2002 763 2057 denegarent,
815 2004 937 2057 quasi
984 2004 1124 2044 omnia
1172 2004 1222 2045 de
1271 2017 1347 2045 suo
1396 2003 1603 2057 finxisset,
1650 2016 1795 2045 eorum

312 2086 452 2140 opinio
511 2086 614 2126 mihi
662 2086 872 2127 reicienda
921 2087 1009 2127 visa
1049 2090 1120 2128 est.
1165 2086 1337 2128 Suidam
1386 2088 1498 2128 enim
1544 2086 1794 2140 Lucianum,

309 2173 533 2224 postquam
591 2171 902 2212 causidicorum
951 2175 1081 2212 artem
1128 2171 1324 2225 deseruit,
1367 2175 1501 2212 totum
1548 2183 1593 2212 se
1641 2171 1793 2212 litteris

311 2254 474 2295 dedisse
508 2256 814 2308 (λογογραφεῖν),
845 2255 1053 2296 indicasse
1086 2256 1255 2309 conjeci.

369 2337 427 2378 At
457 2339 598 2392 ipsum
633 2340 876 2393 scriptorem
911 2340 1210 2381 consulamus!

368 2419 581 2463 Lucianus
630 2435 726 2463 cum
775 2423 825 2464 de
872 2423 1047 2478 dialogis
1096 2424 1267 2464 comicis
1318 2427 1358 2464 et
1399 2424 1572 2477 cynicis,
1614 2425 1687 2478 qui
1719 2421 1792 2464 Bis

307 2503 568 2546 Accusatum
610 2511 933 2560 praecesserant,
976 2507 1234 2561 loqueretur,
1277 2520 1320 2548 se
1363 2507 1501 2561 ipsum
1538 2506 1784 2558 λογογράφον

307 2588 543 2628 nominavit
574 2588 652 2640 (bis
685 2602 766 2630 acc.
802 2589 884 2643 15).
918 2592 1198 2640 Λογογροοφεῖν
1230 2590 1373 2644 igitur,
1406 2590 1503 2631 licet
1535 2589 1792 2632 Fritzschius

305 2674 440 2724 neget,
473 2684 557 2711 non
590 2671 727 2712 solum
761 2672 811 2713 de
844 2672 1197 2713 declamationum
1228 2673 1442 2726 scriptore,
1475 2673 1546 2714 sed
1580 2674 1705 2714 etiam
1739 2674 1789 2714 de

305 2754 471 2795 satirico
516 2754 597 2795 dici
636 2756 782 2809 potuit.
826 2754 988 2797 Deinde
1019 2754 1233 2797 Lucianus
1267 2757 1327 2797 sic
1359 2756 1409 2797 de
1440 2756 1647 2797 rhetorica
1681 2770 1706 2798 a
1739 2769 1784 2798 se

305 2836 448 2878 relicta
494 2837 682 2891 loquitur
726 2840 854 2884 καλῶς
899 2833 983 2889 εἶχέ
1026 2853 1088 2887 μοι
1132 2836 1237 2889 οἷνδρὶ
1280 2836 1350 2885 ἤδη
1394 2836 1684 2890 τετταράκοντα
1723 2837 1789 2884 ἔτη
