1934 3334
960 346 1064 385 v1⁴>

1040 373 1061 385 —d

294 489 361 529 sit.
409 487 630 541 Nusquam
678 487 720 527 in
767 487 883 528 illius
931 487 1077 527 aetatis
1125 486 1332 541 operibus,
1378 488 1459 528 nisi
1505 487 1680 530 fortasse
1724 489 1767 529 in

292 572 500 613 Toxaride
532 572 650 612 locus
684 572 867 612 comicus
899 572 1124 612 invenitur.

347 655 400 696 II.
434 655 538 695 Tum
571 655 622 695 ad
655 656 835 696 comicos
868 658 908 696 et
938 656 1109 707 cynicos
1139 655 1324 709 dialogos
1351 656 1526 709 transiit,
1543 668 1596 697 ex
1614 654 1769 709 quibus

289 740 445 780 multos
493 738 639 779 saltem
683 741 778 779 ante
820 737 893 778 Bis
934 738 1194 779 Accusatum
1233 742 1272 779 et
1304 738 1559 780 Piscatorem
1593 740 1770 793 scriptos

290 836 381 864 esse
414 836 584 864 necesse
612 826 684 863 est.
714 822 910 876 Plerique
937 823 1065 876 igitur
1090 822 1198 875 libri,
1225 836 1330 877 quos
1357 822 1538 864 indolem
1568 823 1769 864 comicam

290 886 453 961 spirare·
494 907 649 959 inveni,
691 909 913 960 postquam
957 906 1281 947 declamationes
1323 905 1518 959 deseruit,
1560 905 1632 947 sed
1674 909 1769 947 ante

288 990 362 1031 Bis
395 990 653 1031 Accusatum
688 993 727 1030 et
758 989 1013 1030 Piscatorem
1046 990 1266 1043 compositi
1299 992 1408 1030 sunt.

347 1073 422 1114 ΠΙ.
455 1073 559 1114 Inde
592 1087 615 1114 a
647 1073 860 1114 Piscatore
893 1085 1030 1127 usque
1060 1073 1109 1113 ad
1144 1076 1404 1114 senectutem
1437 1085 1586 1114 censor
1617 1085 1769 1127 aequa-

286 1158 391 1198 lium
445 1158 616 1198 exstitit.
666 1157 732 1197 Ad
781 1170 908 1211 quam
953 1160 1128 1197 aetatem
1163 1169 1307 1197 omnes
1343 1157 1504 1209 satiras,
1535 1157 1577 1197 in
1613 1155 1769 1211 quibus

288 1240 482 1294 aequales
526 1242 882 1295 perstringuntur,
926 1240 1081 1280 referre
1114 1240 1251 1280 velim.
1283 1239 1349 1280 Ex
1384 1253 1562 1294 quarum
1594 1252 1768 1281 numero

288 1328 371 1366 tres
414 1325 561 1365 comici
604 1324 759 1378 dialogi
802 1327 901 1365 sunt
934 1323 1200 1364 nominandi:
1238 1323 1434 1377 Fugitivi,
1465 1323 1768 1378 Philopseudes

288 1410 327 1448 et
360 1406 624 1471 Convivium.

344 1491 417 1531 IV.
451 1491 545 1532 Jam
578 1495 775 1546 provecta
809 1494 941 1532 aetate
974 1490 1188 1532 Lucianus
1221 1491 1271 1531 ad
1305 1491 1532 1532 rhetoricas
1565 1490 1767 1532 declama—

288 1577 422 1617 tiones
468 1576 602 1629 rediit,
643 1577 686 1616 in
731 1575 886 1629 quibus
929 1576 1095 1616 nullum
1129 1576 1334 1616 comicum
1369 1576 1591 1629 vestigium
1625 1575 1768 1629 depre-

287 1660 495 1701 henditur.

346 1743 552 1793 Quattuor
583 1745 657 1785 has
690 1747 845 1785 aetates
878 1747 1098 1798 postquam
1134 1743 1420 1796 distinximus,
1452 1744 1606 1784 certius
1640 1756 1766 1797 quam

287 1832 408 1869 antea
436 1829 568 1882 licuit,
594 1828 782 1882 expediri
811 1831 957 1882 potest,
987 1828 1059 1881 qui
1085 1827 1243 1868 factum
1273 1829 1337 1881 sit,
1357 1827 1576 1880 utjudicia
1591 1826 1766 1868 Luciani

286 1917 369 1953 tam
405 1925 526 1966 saepe
559 1913 667 1953 inter
700 1925 790 1953 sese
823 1916 979 1953 certare
1012 1912 1243 1952 videantur.
1277 1911 1357 1953 Per
1383 1912 1561 1966 primam
1590 1915 1766 1952 aetatem

287 1995 414 2036 verba
455 1996 507 2036 ad
549 1996 789 2036 auditorum
832 1996 1089 2037 voluntatem
1131 1996 1481 2047 accommodavit3
1515 2009 1588 2050 per
1619 2008 1767 2037 secun-

288 2077 382 2118 dam
425 2078 555 2119 libere
580 2079 746 2131 jocatus
780 2082 852 2132 est,
884 2092 980 2119 cum
1014 2093 1102 2131 sua,
1135 2083 1278 2120 utrum
1313 2078 1575 2120 Comicorum
1609 2083 1649 2120 et
1680 2078 1766 2120 Me-

284 2162 402 2215 nippi
434 2163 652 2203 sententiis
684 2164 773 2216 ipse
805 2162 855 2203 ab
886 2164 1000 2203 omni
1026 2166 1143 2217 parte
1171 2163 1450 2204 adsentiretur
1476 2175 1619 2216 necne,
1648 2163 1765 2216 parvi

285 2246 514 2286 interesset.
560 2246 639 2287 Per
680 2248 843 2288 tertiam
888 2247 1016 2287 solam
1052 2259 1106 2287 ex
1139 2248 1287 2287 intimo
1321 2247 1460 2286 animo
1492 2245 1659 2286 locutus
1692 2248 1764 2286 est.

286 2328 354 2369 Sic
400 2329 543 2370 multis
590 2330 773 2371 tenebris
822 2331 1036 2384 dispulsis,
1083 2342 1190 2384 quae
1237 2330 1287 2371 de
1333 2328 1518 2370 Luciano
1563 2328 1766 2369 disserere

287 2412 462 2466 decrevi,
495 2414 572 2453 hoc
604 2414 726 2454 modo
758 2416 801 2454 in
835 2418 1032 2468 quattuor
1064 2417 1201 2468 partes
1236 2414 1421 2467 digerere
1453 2426 1546 2453 sum
1565 2416 1763 2453 conatus:

287 2498 420 2550 capite
467 2498 651 2537 secundo
699 2511 831 2551 pauca
879 2499 928 2538 de
969 2498 1110 2538 indole
1151 2498 1355 2538 rhetorica
1395 2498 1628 2538 litterarum
1662 2509 1763 2537 aevo

286 2582 602 2621 Antoninorum
644 2581 885 2622 florentium
924 2581 1144 2635 praefatus,
1178 2583 1352 2621 strictim
1383 2580 1587 2634 quaedam
1621 2580 1764 2634 dispu-

285 2665 371 2705 tavi
404 2664 454 2705 de
486 2665 714 2719 opusculis,
747 2678 854 2719 quae
881 2664 1095 2706 Lucianus
1124 2670 1169 2706 ut
1186 2665 1380 2719 aequales
1397 2665 1604 2719 sophistas
1622 2677 1763 2705 aemu-

286 2748 442 2788 laretur
498 2750 743 2802 composuit.
795 2749 930 2790 Tertio
988 2751 1122 2803 capite
1175 2762 1341 2804 operam
1389 2750 1494 2803 dedi,
1541 2753 1588 2790 ut
1635 2762 1761 2802 quam

286 2829 622 2873 luculentissime
678 2832 905 2874 lectoribus
962 2833 1234 2887 ostenderem,
1292 2834 1501 2888 quomodo
1548 2832 1761 2874 Lucianus
