1934 3334
1018 361 1070 401 36

301 503 470 543 24—27
503 502 653 543 fabella
699 504 853 544 erotica
901 502 951 544 de
999 503 1182 557 quadam
1228 503 1407 544 deformi
1448 503 1589 557 puella
1635 502 1784 544 Massi-

507 587 641 640 liensi,
685 599 793 640 quae
836 599 936 627 cum
980 587 1112 641 patris
1155 588 1222 628 sui
1266 588 1400 628 amico
1430 587 1607 628 feliciter
1639 587 1782 628 matri-

509 671 652 711 monio
685 671 909 724 conjuncta
942 674 1016 712 est.

302 755 473 795 27—35
505 754 655 795 fabella
683 754 734 795 de
760 754 990 808 Antiphilo‚
1021 755 1093 808 qui
1119 753 1336 796 Demetrio
1355 755 1492 796 amico
1509 756 1551 795 in
1572 767 1783 796 carcerem

447 887 456 892 .
509 839 695 891 conjecto
731 839 848 878 omni
882 838 1006 879 modo
1043 839 1286 892 opitulatur.

362 920 560 977 Quinque
606 922 656 962 de
703 923 889 962 amicitia
932 921 1185 974 Scytharum
1232 921 1400 963 fabulae
1434 923 1568 977 magis
1601 923 1786 964 incultae

303 1006 486 1046 nationis
534 1005 724 1046 moribus
775 1009 874 1046 sunt
918 1006 1147 1059 adaptatae,
1197 1005 1270 1046 ubi
1313 1006 1476 1047 sodales
1512 1007 1556 1046 in
1589 1006 1709 1060 bello,
1741 1007 1784 1048 in

304 1090 538 1142 venatione,
565 1102 618 1130 ex
644 1089 837 1130 incendio
866 1102 910 1130 se
938 1090 1120 1130 invicem
1147 1091 1380 1131 servavisse
1398 1094 1634 1131 narrantur.
1650 1090 1786 1132 Tertia

303 1174 550 1228 praesertim
592 1173 733 1214 fabula
775 1174 826 1214 ad
873 1173 1126 1226 Scytharum
1175 1175 1369 1214 instituta
1403 1174 1692 1228 cognoscenda
1724 1177 1788 1216 est

304 1257 508 1310 perutilis,
551 1256 624 1297 ubi
667 1270 754 1311 eg.
802 1257 972 1310 „electio
1015 1256 1189 1311 spousi''
1236 1257 1472 1298 secundum
1506 1256 1783 1298 barbarorum

303 1341 434 1381 ritum
468 1340 731 1382 describitur.

448 1523 485 1563 3.
520 1523 582 1561 De
613 1521 837 1562 Tooeariclis
868 1520 1015 1573 fabula
1043 1520 1183 1572 prima
1214 1525 1250 1561 et
1281 1520 1328 1561 (Ze
1358 1520 1527 1573 ratione,
1557 1533 1639 1575 qua

592 1611 626 1637 v.
658 1596 702 1637 cl.
734 1596 918 1638 Kockius
948 1597 1113 1637 comicos
1143 1610 1283 1637 versus
1313 1597 1503 1638 restituit.

359 1747 457 1788 Jam
507 1760 633 1801 supra
680 1760 779 1787 cum
827 1747 873 1786 iu
919 1747 1168 1787 universum
1213 1746 1262 1787 de
1305 1747 1586 1800 sophistarum
1632 1746 1782 1787 litteris

303 1831 555 1871 sententiam
603 1843 872 1884 exponerem,
914 1829 1196 1870 animadverti
1227 1830 1336 1870 inter
1367 1829 1585 1870 Toxaridis
1616 1829 1781 1870 fabulas

300 1928 430 1955 unam
474 1915 676 1966 (12—19)
717 1914 911 1965 inveniri,
954 1925 1072 1966 quae,
1115 1914 1150 1953 si
1182 1913 1233 1953 ad
1269 1916 1571 1967 argumentum
1605 1917 1782 1967 spectas,

300 2000 457 2052 optimo
485 1999 581 2052 jure
608 2011 706 2039 cum
734 1999 1012 2052 posteriorum
1044 2001 1286 2051 temporum
1303 1997 1466 2038 fabellis
1488 1997 1778 2050 („Novellen'')

301 2082 534 2135 comparari
566 2082 707 2135 possit.

354 2164 405 2205 In
453 2179 536 2218 qua
576 2165 720 2205 fabula
764 2177 863 2205 cum
908 2178 944 2204 v.
989 2165 1036 2205 cl.
1069 2163 1303 2217 Kockius1)
1339 2177 1471 2218 pauca
1504 2163 1629 2205 verba
1662 2165 1778 2205 inve-

294 2250 436 2301 nisset,
484 2261 592 2302 quae
639 2249 761 2289 etiam
812 2249 856 2288 in
899 2247 1060 2288 duabus
1102 2248 1279 2289 diversis
1322 2248 1592 2301 Alciphronis
1626 2247 1776 2289 litteris

294 2333 346 2383 (3.
382 2332 434 2371 50
469 2335 509 2372 et
544 2333 579 2372 3.
613 2332 682 2385 62)
717 2332 927 2385 leguntur,
962 2335 1187 2385 utramque
1220 2333 1500 2372 narrationem
1536 2344 1589 2373 ex
1621 2331 1766 2372 eodem

294 2417 456 2456 comico
496 2416 610 2456 fonte
649 2415 828 2456 fluxisse
859 2416 1022 2469 putavit
1056 2418 1095 2456 et
1128 2428 1181 2456 ex
1215 2416 1413 2469 dispersis
1448 2415 1638 2470 partibus
1671 2416 1777 2456 anti-

299 2511 382 2552 qua
411 2498 646 2552 fragmenta
677 2499 921 2539 restitutum
954 2499 1040 2538 ivit.

351 2582 572 2623 Rationem
606 2586 747 2623 autem
780 2586 819 2623 et
851 2583 1262 2636 argumentationem
1297 2583 1427 2623 huius
1462 2583 1541 2622 viri
1570 2582 1681 2624 docti
1698 2595 1771 2624 ex-

292 2666 520 2720 ploremus,
568 2665 618 2706 ab
665 2666 919 2719 Alciphrone
965 2665 1148 2719 profecti,
1195 2667 1267 2719 qui
1316 2666 1454 2707 rhetor
1501 2667 1764 2707 comicorum

340 2852 371 2895 1)
398 2853 465 2886 Cfr.
489 2853 575 2887 Mus.
600 2855 709 2887 Rhen.
735 2853 833 2887 1888.
