1934 3334
985 330 1065 370 110

290 468 428 510 verbis
460 480 639 509 exorsus
670 469 754 508 est:
792 466 1069 520 „Thessaliam
1097 480 1151 509 ex
1177 469 1344 522 negotio
1367 468 1588 519 petebam.”
1616 468 1768 510 Lucia-

292 564 373 592 nus
420 551 603 604 denique
645 550 695 591 de
736 549 1041 591 fabulatoribus
1083 551 1127 591 in
1172 552 1420 592 universum
1454 551 1583 592 verba
1614 551 1773 593 faciens

292 634 402 688 (Ver.
430 633 538 674 Hist‚
563 635 602 685 3)
629 637 827 675 testatur:
855 632 991 674 πολλοὶ
1020 632 1266 685 συνέγρκψικν
1295 635 1342 680 ὡς
1371 634 1415 682 δή
1445 650 1551 681 τινας
1577 635 1772 676 ἑαυτῶν

292 715 449 762 πλάνοις
491 715 554 757 καὶ
598 715 833 765 ἀποδημίαις.
878 716 998 758 Patet
1040 729 1137 772 ergo
1179 718 1574 773 paradoxographos
1606 731 1692 760 non
1723 718 1774 760 de

299 801 405 854 aliis,
438 800 511 842 sed
545 800 595 841 de
626 812 670 841 se
701 800 804 854 ipsis
837 801 1086 842 narravisse.

351 882 536 924 Teitium
569 882 718 923 deinde
749 882 910 924 Rohdei
943 886 1239 937 argumentum
1273 884 1350 924 hoc
1380 888 1464 925 est:
1499 883 1670 937 „Sicher
1686 896 1778 925 ver-

294 966 405 1007 band
436 965 595 1006 Lucian
628 966 703 1006 mit
736 965 830 1006 dem
862 965 1011 1007 Zweck
1043 967 1156 1008 einer
1184 967 1479 1021 personlichen
1506 966 1640 1009 Satire
1667 980 1774 1022 ganz

294 1049 581 1091 vornehmlich
613 1049 721 1089 auch
754 1049 846 1102 den,
874 1049 940 1090 die
967 1048 1303 1091 Deisidaemonie
1320 1051 1457 1091 seiner
1473 1049 1772 1105 Zeitgenossen

298 1135 355 1175 im
388 1133 680 1188 Allgemeinen
711 1145 766 1173 zu
798 1132 1072 1186 persifliren.”

358 1217 474 1267 Quae
505 1230 603 1258 cum
635 1216 843 1270 scriberet,
875 1216 926 1257 ad
959 1217 1060 1258 deae
1091 1216 1237 1269 Syriae
1270 1217 1504 1259 sacerdotes
1538 1230 1561 1258 a
1589 1216 1777 1258 Luciano

299 1302 407 1343 male
439 1304 634 1342 tractatos
666 1301 903 1354 respexisse
936 1301 1037 1341 mihi
1070 1301 1249 1354 videtur,
1281 1301 1354 1342 sed
1387 1313 1554 1355 quaero,
1585 1313 1686 1342 num
1708 1301 1781 1355 qui

302 1388 480 1441 scriptor
511 1386 747 1440 impudicos
778 1386 986 1426 antistites
1012 1386 1175 1438 laceret,
1201 1385 1394 1439 religioni
1422 1397 1592 1439 quoque
1620 1384 1782 1426 bellum

303 1470 450 1512 debeat
481 1470 680 1511 indicere.

363 1553 527 1603 Quibus
565 1553 728 1594 Rohdei
770 1553 1028 1607 argumentis
1069 1552 1249 1606 repulsis
1293 1551 1420 1592 simul
1455 1550 1585 1593 verba
1632 1551 1788 1605 Photii,

304 1640 378 1694 qui
419 1635 711 1687 δεισιδαιμονίαν
754 1637 914 1677 elusam
954 1648 1045 1677 esse
1077 1635 1232 1688 scribit,
1265 1648 1350 1676 non
1383 1635 1435 1676 ad
1466 1635 1647 1676 litteram
1679 1636 1787 1676 acci—

304 1722 458 1776 pienda
505 1734 596 1762 esse
642 1721 848 1773 videmus,
890 1723 930 1761 et
971 1720 1211 1773 opinionem
1257 1719 1359 1759 mihi
1391 1731 1413 1759 e
1443 1720 1579 1773 prima
1609 1718 1786 1760 lectione

307 1809 452 1859 ortam,
484 1806 667 1846 Asinum
700 1804 871 1845 hilarem
906 1816 997 1845 esse
1030 1803 1228 1856 fabulam,
1261 1803 1399 1844 adhuc
1435 1802 1625 1844 defendo.

366 1888 447 1930 Sed
480 1889 554 1943 qui
584 1888 741 1929 factum
774 1890 848 1940 est,
881 1891 928 1928 ut
960 1887 1136 1928 Photius
1171 1886 1426 1928 Graecorum
1443 1887 1785 1941 superstitionem

308 1987 333 2014 a
362 1972 550 2013 Luciano
584 1972 766 2013 derisam
798 1984 889 2012 esse
922 1970 1153 2012 scriberet?

368 2055 558 2109 Photius,
600 2056 644 2095 ni
685 2054 816 2107 fallor,
858 2054 907 2095 ad
942 2054 1020 2095 hoc
1052 2054 1202 2094 vitium
1236 2053 1434 2108 delapsus
1466 2056 1540 2107 est,
1571 2053 1671 2107 quia
1702 2055 1789 2094 tota

309 2139 487 2181 Luciani
534 2138 654 2188 μηδὲν
701 2137 972 2190 πρεσβεύοντος
1019 2137 1155 2189 (Phot.
1203 2137 1309 2178 Bibl.
1355 2150 1377 2177 c
1422 2137 1518 2190 128)
1563 2137 1702 2190 imago
1735 2148 1790 2177 ex

312 2224 404 2264 aliis
452 2222 649 2277 operibus
698 2223 784 2275 (κίεν
829 2225 909 2268 τοῖς
951 2219 1098 2274 ἄλλοις)
1145 2221 1380 2274 notissima,
1427 2221 1464 2261 ei
1506 2222 1602 2261 ante
1646 2219 1790 2261 oculos

314 2306 625 2348 obversabatur.

374 2389 466 2438 Qua
497 2391 631 2443 prima
660 2390 791 2444 igitur
823 2389 1118 2443 disputationis
1135 2391 1251 2442 parte
1268 2387 1458 2429 absoluta
1475 2389 1670 2428 accurate
1686 2386 1793 2426 mihi

315 2474 665 2515 considerandum
698 2477 772 2527 est,
803 2486 906 2513 num
939 2485 1047 2526 quae
1078 2472 1254 2513 Photius
1289 2471 1339 2512 de
1372 2470 1599 2525 exerpendi
1630 2470 1792 2510 ratione

316 2558 497 2610 tradidit,
531 2558 663 2611 magis
697 2557 748 2597 ad
780 2546 1113 2598 veritatem'sint
1145 2568 1357 2610 expressa.

376 2641 558 2694 Jamque
598 2641 716 2682 locus
758 2644 831 2694 est,
864 2643 912 2681 ut
941 2640 1170 2694 Apuleium
1202 2642 1349 2680 testem
1381 2637 1650 2692 proferamus.
1684 2636 1790 2678 Cum

319 2723 394 2773 diu
438 2725 548 2765 inter
590 2724 704 2765 viros
750 2724 892 2764 doctos
939 2723 989 2764 de
1029 2724 1201 2775 ratione,
1244 2734 1351 2776 quae
1385 2722 1494 2762 inter
1525 2719 1717 2761 Latinam
1753 2723 1797 2762 et

320 2805 521 2849 Graecam
565 2807 688 2848 Asini
734 2808 1016 2848 narrationem
1060 2805 1345 2858 intercederet,
1391 2807 1624 2860 pugnatum
1672 2806 1797 2858 esset,
