<?xml version="1.0" encoding="UTF-8"?>
<!DOCTYPE html PUBLIC "-//W3C//DTD XHTML 1.0 Transitional//EN"
    "http://www.w3.org/TR/xhtml1/DTD/xhtml1-transitional.dtd">
<html xmlns="http://www.w3.org/1999/xhtml" xml:lang="en" lang="en">
 <head>
  <title>
</title>
<meta http-equiv="Content-Type" content="text/html;charset=utf-8" />
  <meta name='ocr-system' content='tesseract 3.04.00' />
  <meta name='ocr-capabilities' content='ocr_page ocr_carea ocr_par ocr_line ocrx_word'/>
</head>
<body>
  <div class='ocr_page' id='page_1' title='image "./studialucianea00bolduoft_0150.png"; bbox 0 0 1934 3334; ppageno 0'>
   <div class='ocr_carea' id='block_1_1' title="bbox 254 959 1750 1093">
    <p class='ocr_par' dir='ltr' id='par_1_1' title="bbox 254 959 1750 1093">
     <span class='ocr_line' id='line_1_1' title="bbox 254 959 1750 1020; baseline 0.001 -13"><span class='ocrx_word' id='word_1_1' title='bbox 254 959 472 1007; x_wconf 84' lang='lat' dir='ltr'><strong>INDEX</strong></span> <span class='ocrx_word' id='word_1_2' title='bbox 515 959 1038 1008; x_wconf 85' lang='lat' dir='ltr'>NONNULLORUM</span> <span class='ocrx_word' id='word_1_3' title='bbox 1080 960 1465 1020; x_wconf 85' lang='lat' dir='ltr'>LIBRORUM,</span> <span class='ocrx_word' id='word_1_4' title='bbox 1508 960 1625 1011; x_wconf 84' lang='lat' dir='ltr'>QUI</span> <span class='ocrx_word' id='word_1_5' title='bbox 1665 960 1750 1009; x_wconf 85' lang='lat' dir='ltr'>AD</span> 
     </span>
     <span class='ocr_line' id='line_1_2' title="bbox 589 1043 1406 1093; baseline 0.002 -3"><span class='ocrx_word' id='word_1_6' title='bbox 589 1043 961 1091; x_wconf 84' lang='lat' dir='ltr'><strong>LUCIANUM</strong></span> <span class='ocrx_word' id='word_1_7' title='bbox 994 1044 1406 1093; x_wconf 83' lang='lat' dir='ltr'><strong>PERTINENT.</strong></span> 
     </span>
    </p>
   </div>
   <div class='ocr_carea' id='block_1_2' title="bbox 449 1171 1551 1214">
    <p class='ocr_par' dir='ltr' id='par_1_2' title="bbox 449 1171 1551 1214">
     <span class='ocr_line' id='line_1_3' title="bbox 449 1171 1551 1214; baseline 0 -10"><span class='ocrx_word' id='word_1_8' title='bbox 449 1171 559 1204; x_wconf 85' lang='lat' dir='ltr'><strong>Libris</strong></span> <span class='ocrx_word' id='word_1_9' title='bbox 585 1171 610 1214; x_wconf 87' lang='lat'>†</span> <span class='ocrx_word' id='word_1_10' title='bbox 637 1172 778 1213; x_wconf 77' lang='lat' dir='ltr'>signatis</span> <span class='ocrx_word' id='word_1_11' title='bbox 805 1172 845 1203; x_wconf 86' lang='lat' dir='ltr'>ad</span> <span class='ocrx_word' id='word_1_12' title='bbox 871 1181 984 1204; x_wconf 82' lang='lat' dir='ltr'>meam</span> <span class='ocrx_word' id='word_1_13' title='bbox 1007 1172 1330 1205; x_wconf 80' lang='lat' dir='ltr'>commentationem</span> <span class='ocrx_word' id='word_1_14' title='bbox 1355 1181 1440 1204; x_wconf 89' lang='lat' dir='ltr'>usus</span> <span class='ocrx_word' id='word_1_15' title='bbox 1461 1181 1551 1204; x_wconf 86' lang='lat' dir='ltr'>sum.</span> 
     </span>
    </p>
   </div>
   <div class='ocr_carea' id='block_1_3' title="bbox 257 1477 1755 2784">
    <p class='ocr_par' dir='ltr' id='par_1_3' title="bbox 257 1477 1345 1533">
     <span class='ocr_line' id='line_1_4' title="bbox 257 1477 1345 1533; baseline 0.001 -15"><span class='ocrx_word' id='word_1_16' title='bbox 257 1479 380 1519; x_wconf 83' lang='lat'>1715.</span> <span class='ocrx_word' id='word_1_17' title='bbox 413 1478 471 1519; x_wconf 88' lang='lat' dir='ltr'>M.</span> <span class='ocrx_word' id='word_1_18' title='bbox 509 1478 678 1520; x_wconf 81' lang='lat' dir='ltr'>Gesner.</span> <span class='ocrx_word' id='word_1_19' title='bbox 714 1477 777 1520; x_wconf 88' lang='lat' dir='ltr'>De</span> <span class='ocrx_word' id='word_1_20' title='bbox 810 1478 1106 1532; x_wconf 81' lang='lat' dir='ltr'>Philopatride.</span> <span class='ocrx_word' id='word_1_21' title='bbox 1138 1478 1282 1520; x_wconf 79' lang='lat' dir='ltr'>Jenae.</span> <span class='ocrx_word' id='word_1_22' title='bbox 1314 1479 1345 1533; x_wconf 52' lang='grc' dir='ltr'>’ξ-</span> 
     </span>
    </p>

    <p class='ocr_par' dir='ltr' id='par_1_4' title="bbox 257 1562 1748 1700">
     <span class='ocr_line' id='line_1_5' title="bbox 257 1562 1748 1605; baseline 0.002 -3"><span class='ocrx_word' id='word_1_23' title='bbox 257 1563 381 1602; x_wconf 79' lang='grc'><strong>1743.</strong></span> <span class='ocrx_word' id='word_1_24' title='bbox 413 1562 455 1603; x_wconf 85' lang='grc' dir='ltr'>Τ.</span> <span class='ocrx_word' id='word_1_25' title='bbox 490 1562 941 1604; x_wconf 83' lang='lat' dir='ltr'>Hemsterhusius—J.</span> <span class='ocrx_word' id='word_1_26' title='bbox 975 1562 1018 1603; x_wconf 87' lang='lat' dir='ltr'>F.</span> <span class='ocrx_word' id='word_1_27' title='bbox 1049 1562 1249 1604; x_wconf 84' lang='lat' dir='ltr'>Reitzius.</span> <span class='ocrx_word' id='word_1_28' title='bbox 1284 1562 1425 1604; x_wconf 78' lang='lat' dir='ltr'>Editio</span> <span class='ocrx_word' id='word_1_29' title='bbox 1455 1562 1634 1605; x_wconf 85' lang='lat' dir='ltr'>Luciani</span> <span class='ocrx_word' id='word_1_30' title='bbox 1651 1576 1748 1605; x_wconf 84' lang='lat' dir='ltr'>cum</span> 
     </span>
     <span class='ocr_line' id='line_1_6' title="bbox 475 1646 1244 1700; baseline 0 -14"><span class='ocrx_word' id='word_1_31' title='bbox 475 1650 679 1700; x_wconf 80' lang='lat' dir='ltr'>apparatu</span> <span class='ocrx_word' id='word_1_32' title='bbox 713 1647 867 1686; x_wconf 80' lang='lat' dir='ltr'>critico.</span> <span class='ocrx_word' id='word_1_33' title='bbox 900 1646 1180 1687; x_wconf 81' lang='lat' dir='ltr'>Amsterdam.</span> <span class='ocrx_word' id='word_1_34' title='bbox 1213 1646 1244 1700; x_wconf 85' lang='lat'>†</span> 
     </span>
    </p>

    <p class='ocr_par' dir='ltr' id='par_1_5' title="bbox 264 1728 1320 1771">
     <span class='ocr_line' id='line_1_7' title="bbox 264 1728 1320 1771; baseline 0.001 -2"><span class='ocrx_word' id='word_1_35' title='bbox 264 1729 390 1769; x_wconf 85' lang='lat'>1818.</span> <span class='ocrx_word' id='word_1_36' title='bbox 425 1728 609 1770; x_wconf 84' lang='lat' dir='ltr'>Courier.</span> <span class='ocrx_word' id='word_1_37' title='bbox 642 1728 701 1770; x_wconf 82' lang='lat' dir='ltr'>La</span> <span class='ocrx_word' id='word_1_38' title='bbox 732 1729 917 1770; x_wconf 84' lang='lat' dir='ltr'>Luciade</span> <span class='ocrx_word' id='word_1_39' title='bbox 950 1742 1005 1770; x_wconf 89' lang='lat' dir='ltr'>ou</span> <span class='ocrx_word' id='word_1_40' title='bbox 1038 1729 1156 1771; x_wconf 62' lang='lat' dir='ltr'>l’zine.</span> <span class='ocrx_word' id='word_1_41' title='bbox 1189 1729 1320 1771; x_wconf 84' lang='lat' dir='ltr'>Paris.</span> 
     </span>
    </p>

    <p class='ocr_par' dir='ltr' id='par_1_6' title="bbox 258 1811 1424 1868">
     <span class='ocr_line' id='line_1_8' title="bbox 258 1811 1424 1868; baseline 0.002 -16"><span class='ocrx_word' id='word_1_42' title='bbox 258 1812 383 1852; x_wconf 84' lang='lat'>1830.</span> <span class='ocrx_word' id='word_1_43' title='bbox 417 1812 459 1853; x_wconf 78' lang='lat' dir='ltr'>F.</span> <span class='ocrx_word' id='word_1_44' title='bbox 494 1812 764 1854; x_wconf 80' lang='lat' dir='ltr'>Fritzsehius.</span> <span class='ocrx_word' id='word_1_45' title='bbox 804 1811 1081 1862; x_wconf 78' lang='lat' dir='ltr'>Quaestiones</span> <span class='ocrx_word' id='word_1_46' title='bbox 1114 1812 1361 1854; x_wconf 82' lang='lat' dir='ltr'>Lucianeae.</span> <span class='ocrx_word' id='word_1_47' title='bbox 1393 1814 1424 1868; x_wconf 81' lang='lat'>†</span> 
     </span>
    </p>

    <p class='ocr_par' dir='ltr' id='par_1_7' title="bbox 259 1895 1515 1952">
     <span class='ocr_line' id='line_1_9' title="bbox 259 1895 1515 1952; baseline 0.002 -16"><span class='ocrx_word' id='word_1_48' title='bbox 259 1897 384 1936; x_wconf 86' lang='lat'>1831.</span> <span class='ocrx_word' id='word_1_49' title='bbox 417 1895 461 1936; x_wconf 79' lang='lat' dir='ltr'>F.</span> <span class='ocrx_word' id='word_1_50' title='bbox 494 1895 652 1937; x_wconf 81' lang='lat' dir='ltr'>Ranke.</span> <span class='ocrx_word' id='word_1_51' title='bbox 686 1896 847 1937; x_wconf 79' lang='lat' dir='ltr'>Pollux</span> <span class='ocrx_word' id='word_1_52' title='bbox 879 1900 919 1938; x_wconf 79' lang='lat' dir='ltr'>et</span> <span class='ocrx_word' id='word_1_53' title='bbox 949 1896 1176 1938; x_wconf 80' lang='lat' dir='ltr'>Lucianus.</span> <span class='ocrx_word' id='word_1_54' title='bbox 1211 1896 1515 1952; x_wconf 82' lang='lat' dir='ltr'>Quedlinburg.</span> 
     </span>
    </p>

    <p class='ocr_par' dir='ltr' id='par_1_8' title="bbox 258 1979 1755 2118">
     <span class='ocr_line' id='line_1_10' title="bbox 258 1979 1755 2023; baseline 0.002 -4"><span class='ocrx_word' id='word_1_55' title='bbox 258 1980 383 2020; x_wconf 81' lang='grc'><strong>1832.</strong></span> <span class='ocrx_word' id='word_1_56' title='bbox 417 1979 466 2020; x_wconf 90' lang='lat' dir='ltr'>K.</span> <span class='ocrx_word' id='word_1_57' title='bbox 512 1980 558 2020; x_wconf 79' lang='lat' dir='ltr'>G.</span> <span class='ocrx_word' id='word_1_58' title='bbox 604 1980 748 2021; x_wconf 78' lang='lat' dir='ltr'>Jacob.</span> <span class='ocrx_word' id='word_1_59' title='bbox 794 1980 1124 2023; x_wconf 77' lang='lat' dir='ltr'>Charakteristik</span> <span class='ocrx_word' id='word_1_60' title='bbox 1169 1980 1355 2023; x_wconf 85' lang='lat' dir='ltr'>Lucians</span> <span class='ocrx_word' id='word_1_61' title='bbox 1398 1994 1483 2022; x_wconf 85' lang='lat' dir='ltr'>von</span> <span class='ocrx_word' id='word_1_62' title='bbox 1527 1980 1755 2023; x_wconf 81' lang='lat' dir='ltr'>Samosata.</span> 
     </span>
     <span class='ocr_line' id='line_1_11' title="bbox 476 2063 772 2118; baseline -0.003 -14"><span class='ocrx_word' id='word_1_63' title='bbox 476 2063 708 2118; x_wconf 79' lang='lat' dir='ltr'>Hamburg.</span> <span class='ocrx_word' id='word_1_64' title='bbox 742 2064 772 2118; x_wconf 58' lang='grc' dir='ltr'>ἦ·</span> 
     </span>
    </p>

    <p class='ocr_par' dir='ltr' id='par_1_9' title="bbox 260 2146 1752 2285">
     <span class='ocr_line' id='line_1_12' title="bbox 260 2146 1752 2202; baseline 0.001 -15"><span class='ocrx_word' id='word_1_65' title='bbox 260 2149 384 2188; x_wconf 70' lang='grc'><strong>1834.</strong></span> <span class='ocrx_word' id='word_1_66' title='bbox 419 2147 465 2188; x_wconf 79' lang='lat' dir='ltr'>G.</span> <span class='ocrx_word' id='word_1_67' title='bbox 508 2147 705 2188; x_wconf 79' lang='lat' dir='ltr'>Wetzlar.</span> <span class='ocrx_word' id='word_1_68' title='bbox 748 2146 812 2188; x_wconf 90' lang='lat' dir='ltr'>De</span> <span class='ocrx_word' id='word_1_69' title='bbox 853 2151 998 2201; x_wconf 78' lang='lat' dir='ltr'>aetate,</span> <span class='ocrx_word' id='word_1_70' title='bbox 1041 2149 1139 2202; x_wconf 79' lang='lat' dir='ltr'>vita,</span> <span class='ocrx_word' id='word_1_71' title='bbox 1183 2149 1437 2202; x_wconf 80' lang='lat' dir='ltr'>scriptisque</span> <span class='ocrx_word' id='word_1_72' title='bbox 1470 2147 1648 2189; x_wconf 87' lang='lat' dir='ltr'>Lueiani</span> <span class='ocrx_word' id='word_1_73' title='bbox 1680 2147 1752 2189; x_wconf 85' lang='lat' dir='ltr'>Sa-</span> 
     </span>
     <span class='ocr_line' id='line_1_13' title="bbox 480 2230 989 2285; baseline 0 -14"><span class='ocrx_word' id='word_1_74' title='bbox 480 2231 744 2273; x_wconf 81' lang='lat' dir='ltr'>mosatensis.</span> <span class='ocrx_word' id='word_1_75' title='bbox 776 2230 989 2285; x_wconf 81' lang='lat' dir='ltr'>Marburg.</span> 
     </span>
    </p>

    <p class='ocr_par' dir='ltr' id='par_1_10' title="bbox 261 2312 1581 2369">
     <span class='ocr_line' id='line_1_14' title="bbox 261 2312 1581 2369; baseline 0.001 -15"><span class='ocrx_word' id='word_1_76' title='bbox 261 2315 386 2355; x_wconf 84' lang='lat'>1838.</span> <span class='ocrx_word' id='word_1_77' title='bbox 418 2313 484 2355; x_wconf 88' lang='lat' dir='ltr'>W.</span> <span class='ocrx_word' id='word_1_78' title='bbox 519 2314 715 2355; x_wconf 81' lang='lat' dir='ltr'>Chlebus.</span> <span class='ocrx_word' id='word_1_79' title='bbox 749 2312 812 2355; x_wconf 88' lang='lat' dir='ltr'>De</span> <span class='ocrx_word' id='word_1_80' title='bbox 845 2313 1034 2355; x_wconf 81' lang='lat' dir='ltr'>Luciano</span> <span class='ocrx_word' id='word_1_81' title='bbox 1067 2314 1328 2369; x_wconf 89' lang='lat' dir='ltr'>philosopho.</span> <span class='ocrx_word' id='word_1_82' title='bbox 1361 2314 1518 2356; x_wconf 84' lang='lat' dir='ltr'>Berlin.</span> <span class='ocrx_word' id='word_1_83' title='bbox 1550 2314 1581 2369; x_wconf 86' lang='lat'>†</span> 
     </span>
    </p>

    <p class='ocr_par' dir='ltr' id='par_1_11' title="bbox 263 2396 1753 2534">
     <span class='ocr_line' id='line_1_15' title="bbox 263 2396 1753 2452; baseline 0.001 -15"><span class='ocrx_word' id='word_1_84' title='bbox 263 2398 388 2438; x_wconf 72' lang='lat'>1841.</span> <span class='ocrx_word' id='word_1_85' title='bbox 421 2398 470 2438; x_wconf 91' lang='lat' dir='ltr'>A.</span> <span class='ocrx_word' id='word_1_86' title='bbox 515 2397 640 2438; x_wconf 86' lang='lat' dir='ltr'>Mees.</span> <span class='ocrx_word' id='word_1_87' title='bbox 683 2396 746 2438; x_wconf 89' lang='lat' dir='ltr'>De</span> <span class='ocrx_word' id='word_1_88' title='bbox 791 2397 969 2438; x_wconf 82' lang='lat' dir='ltr'>Luciani</span> <span class='ocrx_word' id='word_1_89' title='bbox 1013 2398 1165 2438; x_wconf 83' lang='lat' dir='ltr'>studiis</span> <span class='ocrx_word' id='word_1_90' title='bbox 1209 2401 1249 2439; x_wconf 80' lang='lat' dir='ltr'>et</span> <span class='ocrx_word' id='word_1_91' title='bbox 1282 2399 1448 2452; x_wconf 81' lang='lat' dir='ltr'>seriptis</span> <span class='ocrx_word' id='word_1_92' title='bbox 1475 2397 1753 2452; x_wconf 69' lang='lat' dir='ltr'>jiivenilibiis.</span> 
     </span>
     <span class='ocr_line' id='line_1_16' title="bbox 480 2481 799 2534; baseline 0 -13"><span class='ocrx_word' id='word_1_93' title='bbox 480 2481 735 2522; x_wconf 77' lang='lat' dir='ltr'>Rotterdam.</span> <span class='ocrx_word' id='word_1_94' title='bbox 768 2481 799 2534; x_wconf 65' lang='grc' dir='ltr'>’ξ-</span> 
     </span>
    </p>

    <p class='ocr_par' dir='ltr' id='par_1_12' title="bbox 263 2563 1750 2701">
     <span class='ocr_line' id='line_1_17' title="bbox 263 2563 1750 2618; baseline 0.002 -15"><span class='ocrx_word' id='word_1_95' title='bbox 263 2565 388 2604; x_wconf 73' lang='lat'>1843.</span> <span class='ocrx_word' id='word_1_96' title='bbox 423 2563 463 2604; x_wconf 84' lang='lat' dir='ltr'>C.</span> <span class='ocrx_word' id='word_1_97' title='bbox 512 2564 558 2604; x_wconf 86' lang='grc' dir='ltr'>Ε.</span> <span class='ocrx_word' id='word_1_98' title='bbox 607 2564 644 2605; x_wconf 81' lang='lat' dir='ltr'>J.</span> <span class='ocrx_word' id='word_1_99' title='bbox 692 2563 964 2604; x_wconf 82' lang='lat' dir='ltr'>Burmeister.</span> <span class='ocrx_word' id='word_1_100' title='bbox 1015 2563 1332 2618; x_wconf 79' lang='lat' dir='ltr'>Commentatio‚</span> <span class='ocrx_word' id='word_1_101' title='bbox 1380 2578 1465 2618; x_wconf 87' lang='lat' dir='ltr'>qua</span> <span class='ocrx_word' id='word_1_102' title='bbox 1511 2564 1750 2606; x_wconf 84' lang='lat' dir='ltr'>Lucianum</span> 
     </span>
     <span class='ocr_line' id='line_1_18' title="bbox 481 2647 1747 2701; baseline 0.002 -14"><span class='ocrx_word' id='word_1_103' title='bbox 481 2648 647 2701; x_wconf 81' lang='lat' dir='ltr'>seriptis</span> <span class='ocrx_word' id='word_1_104' title='bbox 682 2649 772 2688; x_wconf 87' lang='lat' dir='ltr'>suis</span> <span class='ocrx_word' id='word_1_105' title='bbox 801 2647 930 2687; x_wconf 85' lang='lat' dir='ltr'>libros</span> <span class='ocrx_word' id='word_1_106' title='bbox 960 2660 1099 2687; x_wconf 78' lang='lat' dir='ltr'>saeros</span> <span class='ocrx_word' id='word_1_107' title='bbox 1127 2648 1308 2688; x_wconf 78' lang='lat' dir='ltr'>irrisisse</span> <span class='ocrx_word' id='word_1_108' title='bbox 1327 2651 1515 2701; x_wconf 80' lang='lat' dir='ltr'>negatur.</span> <span class='ocrx_word' id='word_1_109' title='bbox 1535 2647 1747 2689; x_wconf 66' lang='lat' dir='ltr'>GiistrOW.</span> 
     </span>
    </p>

    <p class='ocr_par' dir='ltr' id='par_1_13' title="bbox 273 2712 1753 2784">
     <span class='ocr_line' id='line_1_19' title="bbox 273 2712 1753 2784; baseline 0.001 -14"><span class='ocrx_word' id='word_1_110' title='bbox 273 2732 397 2771; x_wconf 76' lang='lat'>1844.</span> <span class='ocrx_word' id='word_1_111' title='bbox 429 2731 482 2771; x_wconf 87' lang='lat' dir='ltr'>H.</span> <span class='ocrx_word' id='word_1_112' title='bbox 538 2730 679 2771; x_wconf 73' lang='lat' dir='ltr'>Kiihn.</span> <span class='ocrx_word' id='word_1_113' title='bbox 738 2731 1055 2783; x_wconf 75' lang='lat' dir='ltr'>Commentatio,</span> <span class='ocrx_word' id='word_1_114' title='bbox 1114 2745 1197 2784; x_wconf 83' lang='lat' dir='ltr'>qua</span> <span class='ocrx_word' id='word_1_115' title='bbox 1244 2730 1459 2772; x_wconf 82' lang='lat' dir='ltr'>Lucianus</span> <span class='ocrx_word' id='word_1_116' title='bbox 1507 2744 1530 2771; x_wconf 86' lang='lat' dir='ltr'>a</span> <span class='ocrx_word' id='word_1_117' title='bbox 1577 2712 1753 2772; x_wconf 81' lang='lat' dir='ltr'>crimine</span> 
     </span>
    </p>
   </div>
   <div class='ocr_carea' id='block_1_4' title="bbox 496 2813 1655 2855">
    <p class='ocr_par' dir='ltr' id='par_1_14' title="bbox 496 2813 1655 2855">
     <span class='ocr_line' id='line_1_20' title="bbox 496 2813 1655 2855; baseline 0.001 -2"><span class='ocrx_word' id='word_1_118' title='bbox 496 2813 701 2854; x_wconf 80' lang='lat' dir='ltr'>librorum</span> <span class='ocrx_word' id='word_1_119' title='bbox 735 2827 950 2855; x_wconf 77' lang='lat' dir='ltr'>sacrorum</span> <span class='ocrx_word' id='word_1_120' title='bbox 982 2815 1201 2855; x_wconf 86' lang='lat' dir='ltr'>irrisorum</span> <span class='ocrx_word' id='word_1_121' title='bbox 1234 2813 1447 2855; x_wconf 83' lang='lat' dir='ltr'>liberatur.</span> <span class='ocrx_word' id='word_1_122' title='bbox 1481 2813 1655 2855; x_wconf 84' lang='lat' dir='ltr'>Grimm.</span> 
     </span>
    </p>
   </div>
  </div>
 </body>
</html>
