1934 3334
1009 341 1062 381 70

304 487 450 539 genter
501 486 687 537 spectaro
737 482 888 523 solitus
930 482 993 522 sit.
1038 479 1167 535 (Nigr.
1200 481 1237 521 8.
1271 480 1377 522 Gall.
1411 480 1477 521 26.
1508 479 1682 522 Icarom.
1714 480 1783 535 29,

304 571 344 610 et
375 568 532 622 passim
566 567 610 606 in
642 565 749 606 libro
783 565 833 606 de
863 563 1115 616 Saltatione.)

362 652 418 692 At
461 650 563 704 quid
605 662 680 690 vos
715 649 782 689 hic
817 648 976 689 diutius
1009 647 1179 688 moror?
1211 647 1416 702 Inspicias
1447 646 1781 689 dissertationem

303 750 327 777 a
358 735 403 776 P.
436 734 640 776 Schulzeo
658 734 687 785 1)
721 733 937 787 scriptam,
965 733 1037 786 qui
1066 732 1116 772 de
1143 732 1222 772 hoc
1248 735 1496 786 argumento
1514 731 1647 773 multa
1663 732 1784 774 utilia

306 819 491 874 protulit.
524 817 587 859 De
621 818 797 858 diversis
835 817 1090 857 comicorum
1121 815 1285 856 dicendi
1310 815 1536 870 generibus
1563 816 1785 870 disserens,

304 887 452 944 verba*
477 902 749 954 deminutiva,
781 904 826 941 ut
858 898 1066 949 γνωμίδια,
1099 897 1307 949 λυχνίδιον,
1340 898 1576 950 θρυαλλίδιον
1609 899 1662 940 ad
1695 911 1785 941 eam

307 986 511 1040 originem
559 984 777 1026 referenda
824 996 916 1024 esse
958 986 1069 1024 recte
1113 983 1289 1023 monuit.
1332 981 1475 1024 Certas
1517 982 1722 1024 formulas
1763 994 1786 1024 e

307 1070 552 1125 quotidiano
581 1081 772 1110 sermone
799 1068 949 1122 petitas
976 1070 1023 1107 ut
1049 1066 1086 1107 ἐν
1114 1066 1250 1118 anceps}
1275 1064 1409 1117 χρόνου
1426 1069 1466 1108 et
1483 1064 1785 1118 ἀσκαρδαμυκτὶ

306 1151 466 1203 βλέπειν
500 1152 614 1204 (Tim.
649 1152 729 1205 14),
764 1151 961 1192 vaticinia
990 1153 1030 1191 et
1059 1150 1323 1191 oraculorum
1351 1153 1484 1192 sortes
1499 1151 1544 1191 in
1561 1150 1788 1192 ridiculum

306 1250 448 1278 versas
482 1236 595 1290 (Jup.
627 1235 744 1289 Trag.
779 1236 847 1286 31)
874 1238 1084 1289 postremo
1113 1234 1393 1275 contionalem
1419 1247 1546 1275 usum
1564 1234 1789 1289 depravata

306 1322 540 1362 imitatione
557 1332 817 1374 expressum,
832 1319 934 1359 haec
952 1318 1093 1358 omnia
1109 1317 1337 1371 prudenter
1353 1317 1526 1358 collecta
1543 1318 1790 1359 aestimavit.

365 1404 423 1445 Ut
468 1407 607 1444 tamen
654 1403 772 1456 scias,
817 1402 919 1456 quid
961 1402 1012 1443 de
1049 1400 1243 1442 Schulzei
1276 1401 1427 1442 studiis
1458 1402 1504 1441 in
1537 1402 1787 1442 universum

311 1488 500 1540 sentiam,
532 1487 575 1526 in
610 1485 931 1540 quaestionibus
963 1485 1014 1526 ad
1046 1485 1270 1526 dictionem
1303 1485 1611 1540 pertinentibus
1640 1486 1790 1527 merita

310 1574 401 1614 eius
444 1573 700 1627 agnoscenti,
742 1583 849 1625 quae
891 1574 1033 1611 tamen
1075 1570 1127 1611 de
1160 1571 1372 1611 continuis
1405 1557 1663 1611 comicorum
1697 1582 1791 1612 sen-

309 1657 452 1698 tentiis
485 1670 509 1697 a
539 1655 726 1697 Luciano
758 1655 974 1696 translatis
1008 1657 1047 1695 et
1074 1654 1124 1695 de
1152 1658 1499 1709 argumentorum
1517 1654 1792 1695 similitudine

310 1742 497 1794 conJ'ecit,
541 1752 589 1781 ea
630 1739 742 1780 haud
780 1738 997 1793 probanda
1030 1738 1133 1779 mihi
1164 1738 1374 1780 videntur.
1405 1737 1554 1780 Statim
1587 1738 1790 1793 quosdam

309 1825 423 1865 locos
455 1824 560 1865 mihi
590 1823 776 1878 proferre
806 1824 948 1865 liceat!

371 1907 475 1949 Cum
508 1907 739 1949 Schulzeus
771 1908 814 1947 in
852 1906 1118 1960 „Piscatore”
1153 1907 1209 1959 (1)
1243 1908 1477 1948 invenisset
1509 1903 1640 1956 βοὲλλε
1662 1903 1794 1955 βάλλε

310 1991 371 2032 τὸν
403 1990 620 2043 καταίροιτον
651 1989 828 2043 ἀφθόνοις
859 1995 939 2037 τοῖς
968 1990 1093 2037 λίθοις.
1120 1989 1315 2040 ἐπίβαλλε
1339 1992 1412 2030 τῶν
1440 1989 1587 2040 βώλων.
1616 1988 1792 2042 προσεπί-

311 2074 443 2125 βοιλλε
486 2074 552 2115 ux}
596 2077 669 2115 τῶν
701 2073 904 2126 ὀστράκων.
936 2077 1032 2114 ποιῖε
1063 2077 1143 2119 τοῖς
1174 2071 1300 2121 ξύλοις
1331 2073 1395 2115 τὸν
1428 2072 1629 2126 ἀλιτήριον,
1663 2086 1793 2115 anno-

315 2160 418 2200 tavit
469 2158 599 2211 „nihil
647 2158 762 2199 aliud
809 2159 985 2212 scriptor
1032 2157 1115 2198 sibi
1162 2158 1306 2211 voluit,
1349 2159 1431 2200 nisi
1477 2157 1602 2199 verba
1643 2170 1794 2200 senum

313 2243 653 2283 Acharnensium
702 2241 1058 2295 circumscribere,
1102 2254 1209 2295 quae
1250 2241 1312 2282 illi
1352 2240 1623 2296 Dicaeopolin
1656 2253 1791 2296 perse-

313 2328 400 2367 cuti
432 2326 687 2367 exclamant:

725 2408 869 2462 βάλλε,
902 2408 1044 2459 βάλλε,
1079 2408 1222 2459 βάλλε,
1256 2407 1399 2462 βάλλε,

725 2497 821 2534 ποιῖε
851 2495 930 2538 πῶς
963 2492 1026 2533 τὸν
1060 2491 1206 2544 μιαρόν.

726 2577 765 2617 οὐ
799 2575 964 2628 βαλεῖςς
999 2577 1038 2616 οὐ
1072 2575 1232 2626 &MNT-55

359 2779 393 2821 1)
431 2781 470 2813 P.
494 2780 687 2814 Schulzeus.
712 2781 805 2819 Quae
828 2781 912 2813 ratio
936 2781 1120 2813 intercedat
1144 2781 1233 2812 inter
1257 2780 1448 2812 Lucianum
1472 2783 1506 2811 et
1530 2779 1674 2812 comicos
1699 2788 1797 2820 prae-

317 2842 435 2875 sertim
461 2845 584 2883 poetas.
