1934 3334
859 374 942 413 129

158 525 288 554 nerus
320 515 360 554 et
391 514 485 567 post
516 525 616 554 eum
648 513 720 553 alii
752 513 1070 554 damnaverunt.
1099 512 1232 554 Abest
1260 526 1429 567 quoque
1447 513 1639 568 dialogus

160 608 295 650 aeque
342 609 389 637 ac
435 595 546 637 Nero
594 598 633 637 et
679 595 933 650 Philopatris
974 610 997 637 a
1040 596 1182 637 codice
1223 596 1427 638 Vaticano
1464 597 1562 650 (90),
1595 596 1645 638 de

164 693 246 734 qua
279 692 323 721 re
355 679 553 721 disseruit
584 693 622 720 V.
654 679 690 720 d.
723 679 942 721 Rothstein
974 680 1018 720 in
1051 678 1218 728 Quaest.
1250 678 1422 720 Lucian.
1456 693 1492 734 p.
1528 681 1563 720 3.

221 763 294 804 VI.
334 763 548 815 Macrobii,
581 764 626 803 in
659 776 742 816 quo
775 762 881 803 libro
914 776 1036 804 nemo
1068 763 1235 804 Tiberio
1269 765 1479 804 recentior
1511 764 1650 803 nomi-

162 848 298 899 natur,
331 845 381 886 ab
414 846 506 887 aliis
539 847 641 886 viris
674 846 806 886 doctis
840 845 890 886 ad
922 846 1124 899 primum,
1158 859 1181 886 a
1213 845 1267 885 M.
1295 845 1560 886 Rothsteinio
1598 847 1648 900 (p.

168 929 413 981 123-127)
446 930 497 978 ad
532 932 730 983 quartum
766 929 958 970 seculum
992 929 1181 969 refertur.

222 1011 308 1052 VII
339 1014 379 1053 et
409 1011 527 1052 VIII.
561 1010 808 1053 Dindorfius
843 1013 900 1064 (in
931 1011 1056 1065 praef.
1089 1011 1163 1051 Ed.
1190 1011 1289 1052 Luc.
1318 1025 1354 1065 p.
1386 1012 1423 1063 9)
1452 1011 1581 1052 Jibros
1600 1012 1650 1052 de

164 1095 258 1136 Dea
289 1095 412 1149 Syria
443 1098 483 1136 et
516 1095 566 1136 de
598 1094 834 1149 Astroloqz'a
864 1097 1035 1149 propter
1052 1095 1389 1148 superstitiosam
1406 1095 1594 1135 indolem
1612 1097 1652 1136 et

163 1162 390 1220 dialectum
432 1178 635 1232 Ionicam,
679 1191 763 1232 qua
794 1178 839 1218 in
871 1181 1053 1232 utroque
1084 1177 1225 1219 libello
1259 1181 1405 1219 auctor
1436 1191 1542 1220 usus
1573 1181 1648 1231 est,

161 1275 185 1303 a
230 1261 417 1304 Luciano
464 1263 623 1304 alienos
660 1262 875 1316 judicavit.
918 1261 1023 1302 Mihi
1064 1264 1209 1303 tamen
1246 1262 1410 1303 indoles
1437 1274 1524 1302 non
1555 1264 1643 1302 tam

162 1347 332 1388 credula
386 1347 566 1400 videtur,
622 1350 671 1387 ut
717 1359 843 1401 opera
888 1344 1076 1387 Luciano
1125 1345 1281 1386 rhetori
1327 1345 1511 1387 tribuere
1558 1358 1645 1386 non

161 1430 353 1471 audeam.
400 1429 512 1471 Nam
558 1430 603 1470 in
650 1429 890 1483 Astrologia
938 1430 1136 1482 antiquae
1180 1427 1347 1469 fabulae
1391 1428 1650 1469 rationaliter

162 1513 439 1567 explicantur,
480 1525 569 1567 eg.
610 1512 891 1566 Bellerophon
932 1524 1017 1552 non
1058 1511 1219 1565 Pegaso
1269 1524 1344 1566 per
1377 1524 1474 1553 aera
1507 1514 1654 1552 vectus

161 1601 236 1649 est,
281 1596 354 1638 sed
396 1597 496 1650 quia
536 1596 696 1650 peritus
738 1595 987 1650 astrologiae
1029 1598 1128 1648 erat,
1158 1597 1298 1635 totum
1330 1607 1469 1635 aerem
1504 1597 1645 1635 mente

162 1678 520 1733 complectebatur
552 1679 590 1732 (ξ
610 1680 677 1732 13,
711 1691 900 1733 quocum
933 1678 1122 1720 conferas
1155 1678 1206 1719 de
1237 1677 1467 1719 Saltatione
1487 1678 1553 1731 19,
1575 1677 1647 1718 ubi

162 1762 341 1804 Proteus
386 1763 664 1817 perantiquus
710 1764 870 1803 mimus
918 1763 1191 1813 nominatur).
1243 1761 1296 1802 In
1337 1761 1445 1802 libro
1479 1761 1530 1802 de
1561 1760 1650 1802 Dea

166 1845 288 1899 Syria
319 1847 610 1901 superstitiosa
642 1846 692 1888 de
718 1846 913 1887 Adonide
929 1845 1071 1887 fabula
1089 1846 1325 1887 secundum
1345 1846 1459 1900 leges
1478 1848 1655 1886 naturae

166 1930 417 1985 explanatur
450 1930 490 1983 (ξ
509 1931 547 1983 8,
583 1942 769 1984 quocum
803 1929 1082 1971 conferendus
1115 1931 1177 1970 est
1209 1928 1366 1981 Scytha
1400 1929 1439 1981 2)
1469 1931 1510 1969 et
1529 1940 1652 1983 saepe

165 2015 353 2068 scriptor,
386 2026 494 2068 quae
526 2014 700 2067 audivit,
734 2027 819 2054 non
852 2026 926 2068 pro
959 2014 1071 2054 veris
1103 2026 1147 2055 se
1174 2012 1328 2054 habere
1345 2015 1525 2054 testatur
1544 2012 1647 2066 (11).

227 2098 422 2140 Alterum
462 2097 670 2139 Dindorfii
712 2100 1015 2152 argumentum
1062 2109 1116 2138 ex
1155 2096 1299 2137 Ionica
1343 2096 1517 2137 dialecto
1551 2096 1656 2149 peti—

166 2184 261 2223 tum
308 2182 436 2223 etiam
484 2181 662 2222 minoris
708 2183 771 2222 est
806 2181 951 2235 pretii,
985 2179 1200 2221 Lucianus
1232 2180 1347 2221 enim
1382 2179 1484 2233 loco,
1518 2191 1646 2233 quem

163 2266 257 2307 v.d.
305 2266 466 2319 adtulit,
511 2265 620 2306 hanc
670 2265 898 2306 dialectum
945 2277 1031 2305 non
1072 2263 1341 2319 improbavit,
1386 2263 1458 2305 sed
1501 2275 1644 2304 rerum

170 2351 393 2404 scriptores
426 2348 551 2390 modo
583 2349 721 2391 Attice
754 2348 880 2389 modo
912 2347 1057 2389 Ionice
1089 2348 1217 2389 modo
1249 2352 1348 2399 κοινῇ
1382 2360 1482 2389 usos
1515 2360 1658 2388 narra-

169 2433 328 2474 tionem
363 2445 615 2487 componere
647 2433 858 2486 vituperat
890 2432 956 2483 (de
988 2432 1081 2472 hist.
1115 2430 1318 2472 conscrib.
1353 2431 1434 2483 18),
1467 2430 1534 2471 vel
1551 2430 1653 2471 adeo

168 2517 258 2572 ipse
303 2518 349 2557 in
399 2515 664 2569 „Herodoto”
713 2516 797 2568 (10)
845 2515 1026 2556 declarat
1070 2514 1111 2555 τὸ
1155 2514 1285 2554 οἰκεῖον
1328 2518 1375 2565 τῇ
1421 2513 1540 2566 Ἰωνίᾳ
1582 2512 1649 2554 καὶ

170 2599 363 2653 προσφυὲς
405 2597 475 2640 εἴθε
517 2599 765 2649 μιμήσασθαι
807 2597 966 2639 δυνατὸν
1008 2593 1064 2644 ἦν.
1108 2597 1159 2637 In
1200 2597 1398 2637 Vitarum
1444 2597 1656 2638 Auctione

173 2682 228 2737 (3,
259 2685 298 2737 4,
333 2684 398 2736 13,
433 2683 500 2735 14)
531 2683 801 2738 Pythagoras,
832 2681 1117 2733 Democritus,
1147 2679 1392 2721 Heraclitus
1425 2681 1559 2734 patrio
1577 2681 1603 2720 i.
1621 2693 1653 2721 e.

171 2766 316 2808 Ionico
349 2779 543 2808 sermone
575 2768 643 2808 usi
673 2767 909 2807 doctrinam
942 2778 1063 2806 suam
1093 2764 1352 2818 explicantes
1380 2764 1655 2804 inducuntur.

231 2850 363 2892 Vides
406 2863 503 2905 ergo
550 2853 801 2904 argumenta
843 2847 1117 2889 Dindorfiana
1158 2860 1244 2888 non
1285 2848 1344 2888 ita
1383 2847 1509 2887 firma
1556 2858 1661 2900 esse,

1511 2918 1532 2953 9
