<?xml version="1.0" encoding="UTF-8"?>
<!DOCTYPE html PUBLIC "-//W3C//DTD XHTML 1.0 Transitional//EN"
    "http://www.w3.org/TR/xhtml1/DTD/xhtml1-transitional.dtd">
<html xmlns="http://www.w3.org/1999/xhtml" xml:lang="en" lang="en">
 <head>
  <title>
</title>
<meta http-equiv="Content-Type" content="text/html;charset=utf-8" />
  <meta name='ocr-system' content='tesseract 3.04.00' />
  <meta name='ocr-capabilities' content='ocr_page ocr_carea ocr_par ocr_line ocrx_word'/>
</head>
<body>
  <div class='ocr_page' id='page_1' title='image "./studialucianea00bolduoft_0046.png"; bbox 0 0 1934 3334; ppageno 0'>
   <div class='ocr_carea' id='block_1_1' title="bbox 1012 353 1068 392">
    <p class='ocr_par' dir='ltr' id='par_1_1' title="bbox 1012 353 1068 392">
     <span class='ocr_line' id='line_1_1' title="bbox 1012 353 1068 392; baseline 0 0"><span class='ocrx_word' id='word_1_1' title='bbox 1012 353 1068 392; x_wconf 84' lang='lat'>32</span> 
     </span>
    </p>
   </div>
   <div class='ocr_carea' id='block_1_2' title="bbox 289 491 1778 2475">
    <p class='ocr_par' dir='ltr' id='par_1_2' title="bbox 289 491 1776 1216">
     <span class='ocr_line' id='line_1_2' title="bbox 349 491 1771 547; baseline 0.002 -14"><span class='ocrx_word' id='word_1_2' title='bbox 349 491 687 547; x_wconf 86' lang='lat' dir='ltr'>Disputationem</span> <span class='ocrx_word' id='word_1_3' title='bbox 730 493 931 546; x_wconf 88' lang='lat' dir='ltr'>incipiam</span> <span class='ocrx_word' id='word_1_4' title='bbox 974 505 998 532; x_wconf 86' lang='lat' dir='ltr'>a</span> <span class='ocrx_word' id='word_1_5' title='bbox 1030 492 1169 534; x_wconf 82' lang='lat' dir='ltr'>Marco</span> <span class='ocrx_word' id='word_1_6' title='bbox 1201 493 1390 546; x_wconf 88' lang='lat' dir='ltr'>Aurelio,</span> <span class='ocrx_word' id='word_1_7' title='bbox 1425 493 1499 547; x_wconf 89' lang='lat' dir='ltr'>qui</span> <span class='ocrx_word' id='word_1_8' title='bbox 1532 494 1582 536; x_wconf 88' lang='lat' dir='ltr'>de</span> <span class='ocrx_word' id='word_1_9' title='bbox 1619 495 1771 536; x_wconf 82' lang='lat' dir='ltr'>misera</span> 
     </span>
     <span class='ocr_line' id='line_1_3' title="bbox 291 574 1775 628; baseline 0.001 -12"><span class='ocrx_word' id='word_1_10' title='bbox 291 576 514 617; x_wconf 87' lang='lat' dir='ltr'>hominum</span> <span class='ocrx_word' id='word_1_11' title='bbox 543 576 781 616; x_wconf 87' lang='lat' dir='ltr'>conditione</span> <span class='ocrx_word' id='word_1_12' title='bbox 811 576 872 616; x_wconf 87' lang='lat' dir='ltr'>sic</span> <span class='ocrx_word' id='word_1_13' title='bbox 900 575 1154 617; x_wconf 82' lang='lat' dir='ltr'>lamentatus</span> <span class='ocrx_word' id='word_1_14' title='bbox 1182 581 1264 617; x_wconf 86' lang='lat' dir='ltr'>est:</span> <span class='ocrx_word' id='word_1_15' title='bbox 1297 575 1391 625; x_wconf 72' lang='grc' dir='ltr'>μήτι</span> <span class='ocrx_word' id='word_1_16' title='bbox 1413 579 1476 616; x_wconf 78' lang='grc' dir='ltr'>νῦν</span> <span class='ocrx_word' id='word_1_17' title='bbox 1501 574 1775 628; x_wconf 68' lang='grc' dir='ltr'>παρακάθηται</span> 
     </span>
     <span class='ocr_line' id='line_1_4' title="bbox 290 657 1773 713; baseline 0.001 -13"><span class='ocrx_word' id='word_1_18' title='bbox 290 664 337 710; x_wconf 70' lang='grc' dir='ltr'>τῇ</span> <span class='ocrx_word' id='word_1_19' title='bbox 366 662 432 700; x_wconf 79' lang='grc' dir='ltr'>τοῦ</span> <span class='ocrx_word' id='word_1_20' title='bbox 459 658 579 710; x_wconf 79' lang='grc' dir='ltr'><em>κυρίου</em></span> <span class='ocrx_word' id='word_1_21' title='bbox 602 659 691 710; x_wconf 77' lang='grc' dir='ltr'><em>σορῷ</em></span> <span class='ocrx_word' id='word_1_22' title='bbox 711 657 878 699; x_wconf 80' lang='grc' dir='ltr'><em>Πανθεια</em></span> <span class='ocrx_word' id='word_1_23' title='bbox 895 657 916 706; x_wconf 73' lang='grc' dir='ltr'>ἢ</span> <span class='ocrx_word' id='word_1_24' title='bbox 938 658 1171 710; x_wconf 73' lang='grc' dir='ltr'><em>Πέργαμοςε,</em></span> <span class='ocrx_word' id='word_1_25' title='bbox 1188 659 1228 700; x_wconf 81' lang='grc' dir='ltr'>τί</span> <span class='ocrx_word' id='word_1_26' title='bbox 1242 658 1294 705; x_wconf 76' lang='grc' dir='ltr'>δὲ,</span> <span class='ocrx_word' id='word_1_27' title='bbox 1313 665 1360 710; x_wconf 71' lang='grc' dir='ltr'>τῇ</span> <span class='ocrx_word' id='word_1_28' title='bbox 1379 659 1578 712; x_wconf 75' lang='grc' dir='ltr'><em>Ἄδριανοῦ</em></span> <span class='ocrx_word' id='word_1_29' title='bbox 1596 659 1773 713; x_wconf 80' lang='grc' dir='ltr'><em>Χαβρίας</em></span> 
     </span>
     <span class='ocr_line' id='line_1_5' title="bbox 289 740 1772 794; baseline 0.002 -13"><span class='ocrx_word' id='word_1_30' title='bbox 289 740 311 788; x_wconf 76' lang='grc' dir='ltr'>ἢ</span> <span class='ocrx_word' id='word_1_31' title='bbox 354 740 556 791; x_wconf 73' lang='grc' dir='ltr'><em>Διότιμος;</em></span> <span class='ocrx_word' id='word_1_32' title='bbox 590 746 749 792; x_wconf 70' lang='grc' dir='ltr'>γελοῖον.</span> <span class='ocrx_word' id='word_1_33' title='bbox 782 741 822 782; x_wconf 81' lang='grc' dir='ltr'>τί</span> <span class='ocrx_word' id='word_1_34' title='bbox 851 741 904 789; x_wconf 78' lang='grc' dir='ltr'>δὲ,</span> <span class='ocrx_word' id='word_1_35' title='bbox 938 742 970 782; x_wconf 77' lang='grc' dir='ltr'>εἰ</span> <span class='ocrx_word' id='word_1_36' title='bbox 1001 741 1274 794; x_wconf 65' lang='grc' dir='ltr'><em>παρεκάθηντο,</em></span> <span class='ocrx_word' id='word_1_37' title='bbox 1308 740 1471 792; x_wconf 76' lang='grc' dir='ltr'><em>ἔμελλον</em></span> <span class='ocrx_word' id='word_1_38' title='bbox 1503 741 1772 792; x_wconf 74' lang='grc' dir='ltr'><em>αἱσθανεσθαις</em></span> 
     </span>
     <span class='ocr_line' id='line_1_6' title="bbox 292 823 1771 878; baseline 0.002 -14"><span class='ocrx_word' id='word_1_39' title='bbox 292 824 331 865; x_wconf 78' lang='grc' dir='ltr'>τί</span> <span class='ocrx_word' id='word_1_40' title='bbox 370 824 421 871; x_wconf 78' lang='grc' dir='ltr'>δὲ,</span> <span class='ocrx_word' id='word_1_41' title='bbox 460 825 489 865; x_wconf 70' lang='grc' dir='ltr'>εἰ</span> <span class='ocrx_word' id='word_1_42' title='bbox 522 823 736 876; x_wconf 63' lang='grc' dir='ltr'><em>ᾐσθάνοντο,</em></span> <span class='ocrx_word' id='word_1_43' title='bbox 770 823 933 874; x_wconf 75' lang='grc' dir='ltr'><em>ἔμελλον</em></span> <span class='ocrx_word' id='word_1_44' title='bbox 965 825 1191 873; x_wconf 69' lang='grc' dir='ltr'><em>ἡσθήσεσθαι</em></span> <span class='ocrx_word' id='word_1_45' title='bbox 1212 857 1339 868; x_wconf 89' lang='grc'><strong>.....</strong></span> <span class='ocrx_word' id='word_1_46' title='bbox 1373 824 1514 878; x_wconf 71' lang='grc' dir='ltr'><em>γραῦ-ος</em></span> <span class='ocrx_word' id='word_1_47' title='bbox 1546 828 1625 867; x_wconf 70' lang='grc' dir='ltr'>πᾶν</span> <span class='ocrx_word' id='word_1_48' title='bbox 1658 829 1771 868; x_wconf 81' lang='grc' dir='ltr'><em>τοῦτο</em></span> 
     </span>
     <span class='ocr_line' id='line_1_7' title="bbox 291 906 1775 965; baseline 0.002 -17"><span class='ocrx_word' id='word_1_49' title='bbox 291 908 358 948; x_wconf 77' lang='grc' dir='ltr'>καὶ</span> <span class='ocrx_word' id='word_1_50' title='bbox 391 906 517 957; x_wconf 74' lang='grc' dir='ltr'><em>λύθρον</em></span> <span class='ocrx_word' id='word_1_51' title='bbox 549 909 586 949; x_wconf 84' lang='grc' dir='ltr'>ἐν</span> <span class='ocrx_word' id='word_1_52' title='bbox 619 907 782 960; x_wconf 77' lang='grc' dir='ltr'><em>θυλακῳ.</em></span> <span class='ocrx_word' id='word_1_53' title='bbox 817 909 938 950; x_wconf 85' lang='lat' dir='ltr'>Unde</span> <span class='ocrx_word' id='word_1_54' title='bbox 971 909 1202 950; x_wconf 84' lang='lat' dir='ltr'>Pantheam</span> <span class='ocrx_word' id='word_1_55' title='bbox 1239 922 1336 964; x_wconf 84' lang='lat' dir='ltr'>erga</span> <span class='ocrx_word' id='word_1_56' title='bbox 1365 910 1605 964; x_wconf 84' lang='lat' dir='ltr'>dominum,</span> <span class='ocrx_word' id='word_1_57' title='bbox 1635 910 1775 965; x_wconf 87' lang='lat' dir='ltr'>quoad</span> 
     </span>
     <span class='ocr_line' id='line_1_8' title="bbox 291 992 1776 1049; baseline 0.002 -16"><span class='ocrx_word' id='word_1_58' title='bbox 291 992 360 1033; x_wconf 89' lang='lat' dir='ltr'>ille</span> <span class='ocrx_word' id='word_1_59' title='bbox 409 993 587 1047; x_wconf 78' lang='lat' dir='ltr'>vivebat,</span> <span class='ocrx_word' id='word_1_60' title='bbox 634 993 800 1035; x_wconf 90' lang='lat' dir='ltr'>fidelem</span> <span class='ocrx_word' id='word_1_61' title='bbox 852 994 995 1047; x_wconf 85' lang='lat' dir='ltr'>fuisse,</span> <span class='ocrx_word' id='word_1_62' title='bbox 1026 998 1119 1048; x_wconf 89' lang='lat' dir='ltr'>post</span> <span class='ocrx_word' id='word_1_63' title='bbox 1150 995 1240 1035; x_wconf 84' lang='lat' dir='ltr'>eius</span> <span class='ocrx_word' id='word_1_64' title='bbox 1275 998 1452 1035; x_wconf 87' lang='lat' dir='ltr'>mortem</span> <span class='ocrx_word' id='word_1_65' title='bbox 1488 1008 1573 1035; x_wconf 91' lang='lat' dir='ltr'>non</span> <span class='ocrx_word' id='word_1_66' title='bbox 1607 1006 1776 1049; x_wconf 86' lang='lat' dir='ltr'>semper</span> 
     </span>
     <span class='ocr_line' id='line_1_9' title="bbox 289 1076 1774 1132; baseline 0 -15"><span class='ocrx_word' id='word_1_67' title='bbox 289 1076 452 1118; x_wconf 79' lang='lat' dir='ltr'>luxisse</span> <span class='ocrx_word' id='word_1_68' title='bbox 500 1081 682 1131; x_wconf 83' lang='lat' dir='ltr'>apparet,</span> <span class='ocrx_word' id='word_1_69' title='bbox 730 1090 868 1131; x_wconf 90' lang='lat' dir='ltr'>neque</span> <span class='ocrx_word' id='word_1_70' title='bbox 900 1077 1070 1118; x_wconf 86' lang='lat' dir='ltr'>Marcus</span> <span class='ocrx_word' id='word_1_71' title='bbox 1104 1090 1196 1118; x_wconf 89' lang='lat' dir='ltr'>eam</span> <span class='ocrx_word' id='word_1_72' title='bbox 1233 1079 1454 1118; x_wconf 88' lang='lat' dir='ltr'>nominare</span> <span class='ocrx_word' id='word_1_73' title='bbox 1486 1081 1659 1132; x_wconf 84' lang='lat' dir='ltr'>poterat,</span> <span class='ocrx_word' id='word_1_74' title='bbox 1691 1077 1774 1119; x_wconf 88' lang='lat' dir='ltr'>nisi</span> 
     </span>
     <span class='ocr_line' id='line_1_10' title="bbox 289 1161 1698 1216; baseline 0.001 -15"><span class='ocrx_word' id='word_1_75' title='bbox 289 1161 373 1202; x_wconf 83' lang='lat' dir='ltr'>illis</span> <span class='ocrx_word' id='word_1_76' title='bbox 406 1162 669 1216; x_wconf 81' lang='lat' dir='ltr'>temporibus</span> <span class='ocrx_word' id='word_1_77' title='bbox 704 1163 822 1216; x_wconf 87' lang='lat' dir='ltr'>quasi</span> <span class='ocrx_word' id='word_1_78' title='bbox 856 1162 1021 1215; x_wconf 85' lang='lat' dir='ltr'>pietatis</span> <span class='ocrx_word' id='word_1_79' title='bbox 1056 1161 1305 1216; x_wconf 77' lang='lat' dir='ltr'>exemplum</span> <span class='ocrx_word' id='word_1_80' title='bbox 1339 1162 1507 1216; x_wconf 83' lang='lat' dir='ltr'>cognita</span> <span class='ocrx_word' id='word_1_81' title='bbox 1537 1161 1698 1202; x_wconf 89' lang='lat' dir='ltr'>fuisset.</span> 
     </span>
    </p>

    <p class='ocr_par' dir='ltr' id='par_1_3' title="bbox 289 1243 1775 1888">
     <span class='ocr_line' id='line_1_11' title="bbox 346 1243 1773 1299; baseline 0.001 -15"><span class='ocrx_word' id='word_1_82' title='bbox 346 1244 385 1284; x_wconf 89' lang='grc' dir='ltr'>Ν</span> <span class='ocrx_word' id='word_1_83' title='bbox 391 1257 473 1285; x_wconf 86' lang='lat' dir='ltr'>unc</span> <span class='ocrx_word' id='word_1_84' title='bbox 505 1245 555 1285; x_wconf 87' lang='lat' dir='ltr'>ad</span> <span class='ocrx_word' id='word_1_85' title='bbox 590 1243 825 1285; x_wconf 81' lang='lat' dir='ltr'>Lucianum</span> <span class='ocrx_word' id='word_1_86' title='bbox 858 1249 1134 1298; x_wconf 86' lang='lat' dir='ltr'>revertamur,</span> <span class='ocrx_word' id='word_1_87' title='bbox 1168 1245 1240 1298; x_wconf 88' lang='lat' dir='ltr'>qui</span> <span class='ocrx_word' id='word_1_88' title='bbox 1270 1244 1530 1299; x_wconf 87' lang='lat' dir='ltr'>(Imaginum</span> <span class='ocrx_word' id='word_1_89' title='bbox 1564 1245 1698 1299; x_wconf 89' lang='lat' dir='ltr'>initio)</span> <span class='ocrx_word' id='word_1_90' title='bbox 1728 1246 1773 1285; x_wconf 89' lang='lat' dir='ltr'>in</span> 
     </span>
     <span class='ocr_line' id='line_1_12' title="bbox 289 1327 1774 1383; baseline -0.001 -14"><span class='ocrx_word' id='word_1_91' title='bbox 289 1328 430 1383; x_wconf 86' lang='lat' dir='ltr'>aliqua</span> <span class='ocrx_word' id='word_1_92' title='bbox 461 1329 629 1381; x_wconf 76' lang='lat' dir='ltr'>Asiae1)</span> <span class='ocrx_word' id='word_1_93' title='bbox 663 1328 766 1369; x_wconf 89' lang='lat' dir='ltr'>urbe</span> <span class='ocrx_word' id='word_1_94' title='bbox 798 1331 1023 1369; x_wconf 67' lang='lat' dir='ltr'>venustam</span> <span class='ocrx_word' id='word_1_95' title='bbox 1058 1328 1276 1381; x_wconf 87' lang='lat' dir='ltr'>feminam,</span> <span class='ocrx_word' id='word_1_96' title='bbox 1297 1341 1427 1382; x_wconf 87' lang='lat' dir='ltr'>quam</span> <span class='ocrx_word' id='word_1_97' title='bbox 1450 1341 1601 1382; x_wconf 84' lang='lat' dir='ltr'>magna</span> <span class='ocrx_word' id='word_1_98' title='bbox 1619 1327 1774 1369; x_wconf 84' lang='lat' dir='ltr'>satelli-</span> 
     </span>
     <span class='ocr_line' id='line_1_13' title="bbox 290 1411 1766 1465; baseline 0 -12"><span class='ocrx_word' id='word_1_99' title='bbox 290 1416 382 1453; x_wconf 90' lang='lat' dir='ltr'>tum</span> <span class='ocrx_word' id='word_1_100' title='bbox 431 1416 595 1453; x_wconf 83' lang='lat' dir='ltr'>caterva</span> <span class='ocrx_word' id='word_1_101' title='bbox 640 1412 930 1465; x_wconf 77' lang='lat' dir='ltr'>comitabatur,</span> <span class='ocrx_word' id='word_1_102' title='bbox 964 1425 1007 1453; x_wconf 92' lang='lat' dir='ltr'>se</span> <span class='ocrx_word' id='word_1_103' title='bbox 1040 1412 1196 1453; x_wconf 89' lang='lat' dir='ltr'>vidisse</span> <span class='ocrx_word' id='word_1_104' title='bbox 1230 1412 1340 1452; x_wconf 85' lang='lat' dir='ltr'>dicit.</span> <span class='ocrx_word' id='word_1_105' title='bbox 1372 1412 1539 1464; x_wconf 84' lang='lat' dir='ltr'>Amico,</span> <span class='ocrx_word' id='word_1_106' title='bbox 1573 1411 1766 1453; x_wconf 88' lang='lat' dir='ltr'>mulieris</span> 
     </span>
     <span class='ocr_line' id='line_1_14' title="bbox 290 1493 1766 1551; baseline -0.002 -13"><span class='ocrx_word' id='word_1_107' title='bbox 290 1510 445 1538; x_wconf 88' lang='lat' dir='ltr'>nomen</span> <span class='ocrx_word' id='word_1_108' title='bbox 473 1499 716 1550; x_wconf 86' lang='lat' dir='ltr'>sciscitanti,</span> <span class='ocrx_word' id='word_1_109' title='bbox 743 1497 957 1551; x_wconf 77' lang='lat' dir='ltr'>respondit</span> <span class='ocrx_word' id='word_1_110' title='bbox 974 1496 1174 1545; x_wconf 75' lang='grc' dir='ltr'>ὁμώνυμος</span> <span class='ocrx_word' id='word_1_111' title='bbox 1193 1494 1266 1547; x_wconf 71' lang='grc' dir='ltr'>γαρ</span> <span class='ocrx_word' id='word_1_112' title='bbox 1284 1496 1362 1535; x_wconf 68' lang='grc' dir='ltr'>ἐστι</span> <span class='ocrx_word' id='word_1_113' title='bbox 1380 1500 1426 1546; x_wconf 68' lang='grc' dir='ltr'>τῇ</span> <span class='ocrx_word' id='word_1_114' title='bbox 1446 1496 1509 1535; x_wconf 74' lang='grc' dir='ltr'>τοῦ</span> <span class='ocrx_word' id='word_1_115' title='bbox 1526 1493 1766 1546; x_wconf 71' lang='grc' dir='ltr'><em>Ἀβραδάτα</em></span> 
     </span>
     <span class='ocr_line' id='line_1_15' title="bbox 289 1577 1770 1633; baseline 0 -13"><span class='ocrx_word' id='word_1_116' title='bbox 289 1581 405 1632; x_wconf 64' lang='grc' dir='ltr'><em>ἐκείνῃ</em></span> <span class='ocrx_word' id='word_1_117' title='bbox 449 1587 495 1633; x_wconf 69' lang='grc' dir='ltr'>τῇ</span> <span class='ocrx_word' id='word_1_118' title='bbox 539 1587 654 1633; x_wconf 69' lang='grc' dir='ltr'><em>καλῇ.</em></span> <span class='ocrx_word' id='word_1_119' title='bbox 699 1577 803 1621; x_wconf 75' lang='grc' dir='ltr'><em>οἶσθα</em></span> <span class='ocrx_word' id='word_1_120' title='bbox 835 1579 1024 1626; x_wconf 54' lang='lat' dir='ltr'>mmmm</span> <span class='ocrx_word' id='word_1_121' title='bbox 1057 1578 1226 1625; x_wconf 63' lang='grc' dir='ltr'><em>ἀκούσας</em></span> <span class='ocrx_word' id='word_1_122' title='bbox 1259 1581 1495 1629; x_wconf 67' lang='grc' dir='ltr'><em>Ξενοφῶντος</em></span> <span class='ocrx_word' id='word_1_123' title='bbox 1531 1579 1770 1623; x_wconf 73' lang='grc' dir='ltr'><em>ἐπαινοῦντος</em></span> 
     </span>
     <span class='ocr_line' id='line_1_16' title="bbox 289 1663 1774 1718; baseline -0.001 -12"><span class='ocrx_word' id='word_1_124' title='bbox 289 1666 375 1706; x_wconf 72' lang='grc' dir='ltr'>τινα</span> <span class='ocrx_word' id='word_1_125' title='bbox 416 1666 593 1718; x_wconf 67' lang='grc' dir='ltr'><em>σώφρονα</em></span> <span class='ocrx_word' id='word_1_126' title='bbox 634 1664 703 1706; x_wconf 74' lang='grc' dir='ltr'>καὶ</span> <span class='ocrx_word' id='word_1_127' title='bbox 739 1664 863 1711; x_wconf 66' lang='grc' dir='ltr'><em>καλὴν</em></span> <span class='ocrx_word' id='word_1_128' title='bbox 894 1666 1180 1715; x_wconf 64' lang='grc' dir='ltr'><em>γυναῖκαΗΟ).</em></span> <span class='ocrx_word' id='word_1_129' title='bbox 1215 1664 1282 1704; x_wconf 79' lang='lat' dir='ltr'>EX</span> <span class='ocrx_word' id='word_1_130' title='bbox 1319 1663 1575 1718; x_wconf 78' lang='lat' dir='ltr'>Cyropaedia</span> <span class='ocrx_word' id='word_1_131' title='bbox 1610 1663 1697 1717; x_wconf 91' lang='lat' dir='ltr'>(VI.</span> <span class='ocrx_word' id='word_1_132' title='bbox 1731 1665 1774 1716; x_wconf 80' lang='lat'>4)</span> 
     </span>
     <span class='ocr_line' id='line_1_17' title="bbox 292 1747 1775 1802; baseline -0.002 -11"><span class='ocrx_word' id='word_1_133' title='bbox 292 1754 433 1791; x_wconf 82' lang='lat' dir='ltr'>autem</span> <span class='ocrx_word' id='word_1_134' title='bbox 478 1751 684 1791; x_wconf 83' lang='lat' dir='ltr'>discimus</span> <span class='ocrx_word' id='word_1_135' title='bbox 713 1763 890 1791; x_wconf 75' lang='lat' dir='ltr'>uxorem</span> <span class='ocrx_word' id='word_1_136' title='bbox 920 1749 1156 1790; x_wconf 86' lang='lat' dir='ltr'>Abradatae</span> <span class='ocrx_word' id='word_1_137' title='bbox 1182 1748 1312 1789; x_wconf 86' lang='lat' dir='ltr'>fuisse</span> <span class='ocrx_word' id='word_1_138' title='bbox 1339 1747 1572 1789; x_wconf 85' lang='lat' dir='ltr'>Pantheam</span> <span class='ocrx_word' id='word_1_139' title='bbox 1605 1751 1775 1802; x_wconf 88' lang='lat' dir='ltr'>propter</span> 
     </span>
     <span class='ocr_line' id='line_1_18' title="bbox 290 1816 1552 1888; baseline -0.003 -14"><span class='ocrx_word' id='word_1_140' title='bbox 290 1846 478 1874; x_wconf 85' lang='lat' dir='ltr'>amorem</span> <span class='ocrx_word' id='word_1_141' title='bbox 512 1846 611 1888; x_wconf 79' lang='lat' dir='ltr'>erga</span> <span class='ocrx_word' id='word_1_142' title='bbox 646 1834 847 1874; x_wconf 86' lang='lat' dir='ltr'>maritum</span> <span class='ocrx_word' id='word_1_143' title='bbox 883 1846 906 1873; x_wconf 84' lang='lat' dir='ltr'>a</span> <span class='ocrx_word' id='word_1_144' title='bbox 939 1831 1220 1886; x_wconf 81' lang='lat' dir='ltr'>Xenophonte</span> <span class='ocrx_word' id='word_1_145' title='bbox 1255 1831 1482 1871; x_wconf 85' lang='lat' dir='ltr'>laudatam.</span> <span class='ocrx_word' id='word_1_146' title='bbox 1549 1816 1552 1827; x_wconf 39' lang='grc' dir='ltr'>Ι</span> 
     </span>
    </p>

    <p class='ocr_par' dir='ltr' id='par_1_4' title="bbox 291 1912 1778 2475">
     <span class='ocr_line' id='line_1_19' title="bbox 352 1912 1773 1970; baseline -0.002 -13"><span class='ocrx_word' id='word_1_147' title='bbox 352 1916 468 1957; x_wconf 79' lang='lat' dir='ltr'>Ultro</span> <span class='ocrx_word' id='word_1_148' title='bbox 517 1929 561 1957; x_wconf 91' lang='lat' dir='ltr'>se</span> <span class='ocrx_word' id='word_1_149' title='bbox 608 1916 726 1957; x_wconf 81' lang='lat' dir='ltr'>offert</span> <span class='ocrx_word' id='word_1_150' title='bbox 777 1916 982 1970; x_wconf 88' lang='lat' dir='ltr'>quaestio,</span> <span class='ocrx_word' id='word_1_151' title='bbox 1028 1919 1172 1956; x_wconf 87' lang='lat' dir='ltr'>utrum</span> <span class='ocrx_word' id='word_1_152' title='bbox 1209 1914 1290 1955; x_wconf 87' lang='lat' dir='ltr'>sub</span> <span class='ocrx_word' id='word_1_153' title='bbox 1324 1914 1388 1955; x_wconf 90' lang='lat' dir='ltr'>his</span> <span class='ocrx_word' id='word_1_154' title='bbox 1421 1912 1560 1955; x_wconf 86' lang='lat' dir='ltr'>verbis</span> <span class='ocrx_word' id='word_1_155' title='bbox 1590 1912 1687 1954; x_wconf 86' lang='lat' dir='ltr'>ficta</span> <span class='ocrx_word' id='word_1_156' title='bbox 1721 1927 1773 1954; x_wconf 84' lang='lat' dir='ltr'>an</span> 
     </span>
     <span class='ocr_line' id='line_1_20' title="bbox 292 1998 1777 2054; baseline -0.001 -14"><span class='ocrx_word' id='word_1_157' title='bbox 292 2012 390 2041; x_wconf 86' lang='lat' dir='ltr'>vera</span> <span class='ocrx_word' id='word_1_158' title='bbox 416 2013 593 2054; x_wconf 85' lang='lat' dir='ltr'>persona</span> <span class='ocrx_word' id='word_1_159' title='bbox 624 2001 758 2042; x_wconf 83' lang='lat' dir='ltr'>lateat.</span> <span class='ocrx_word' id='word_1_160' title='bbox 792 2001 1011 2042; x_wconf 86' lang='lat' dir='ltr'>Adeamus</span> <span class='ocrx_word' id='word_1_161' title='bbox 1043 2001 1186 2054; x_wconf 87' lang='lat' dir='ltr'>ipsum</span> <span class='ocrx_word' id='word_1_162' title='bbox 1219 1998 1457 2039; x_wconf 86' lang='lat' dir='ltr'>Lucianum</span> <span class='ocrx_word' id='word_1_163' title='bbox 1494 2002 1534 2039; x_wconf 89' lang='lat' dir='ltr'>et</span> <span class='ocrx_word' id='word_1_164' title='bbox 1564 2011 1777 2053; x_wconf 86' lang='lat' dir='ltr'>rogemus,</span> 
     </span>
     <span class='ocr_line' id='line_1_21' title="bbox 291 2082 1777 2139; baseline -0.001 -15"><span class='ocrx_word' id='word_1_165' title='bbox 291 2098 396 2125; x_wconf 90' lang='lat' dir='ltr'>num</span> <span class='ocrx_word' id='word_1_166' title='bbox 431 2086 475 2125; x_wconf 89' lang='lat' dir='ltr'>in</span> <span class='ocrx_word' id='word_1_167' title='bbox 507 2085 599 2126; x_wconf 86' lang='lat' dir='ltr'>aliis</span> <span class='ocrx_word' id='word_1_168' title='bbox 633 2098 803 2139; x_wconf 90' lang='lat' dir='ltr'>quoque</span> <span class='ocrx_word' id='word_1_169' title='bbox 835 2084 1032 2139; x_wconf 85' lang='lat' dir='ltr'>operibus</span> <span class='ocrx_word' id='word_1_170' title='bbox 1051 2084 1199 2125; x_wconf 89' lang='lat' dir='ltr'>eodem</span> <span class='ocrx_word' id='word_1_171' title='bbox 1223 2082 1349 2123; x_wconf 88' lang='lat' dir='ltr'>modo</span> <span class='ocrx_word' id='word_1_172' title='bbox 1369 2082 1566 2136; x_wconf 87' lang='lat' dir='ltr'>aequales</span> <span class='ocrx_word' id='word_1_173' title='bbox 1585 2082 1777 2138; x_wconf 86' lang='lat' dir='ltr'>designa-</span> 
     </span>
     <span class='ocr_line' id='line_1_22' title="bbox 293 2166 1777 2223; baseline -0.001 -15"><span class='ocrx_word' id='word_1_174' title='bbox 293 2170 409 2209; x_wconf 86' lang='lat' dir='ltr'>verit.</span> <span class='ocrx_word' id='word_1_175' title='bbox 441 2169 590 2223; x_wconf 85' lang='lat' dir='ltr'>Neque</span> <span class='ocrx_word' id='word_1_176' title='bbox 621 2169 778 2210; x_wconf 84' lang='lat' dir='ltr'>frustra</span> <span class='ocrx_word' id='word_1_177' title='bbox 811 2169 1023 2223; x_wconf 86' lang='lat' dir='ltr'>quaesivi:</span> <span class='ocrx_word' id='word_1_178' title='bbox 1056 2169 1100 2208; x_wconf 87' lang='lat' dir='ltr'>in</span> <span class='ocrx_word' id='word_1_179' title='bbox 1133 2167 1217 2209; x_wconf 89' lang='lat' dir='ltr'>fine</span> <span class='ocrx_word' id='word_1_180' title='bbox 1251 2167 1418 2221; x_wconf 86' lang='lat' dir='ltr'>dialogi,</span> <span class='ocrx_word' id='word_1_181' title='bbox 1451 2167 1525 2221; x_wconf 89' lang='lat' dir='ltr'>qui</span> <span class='ocrx_word' id='word_1_182' title='bbox 1541 2166 1777 2208; x_wconf 88' lang='lat' dir='ltr'>Rhetorum</span> 
     </span>
     <span class='ocr_line' id='line_1_23' title="bbox 291 2250 1771 2308; baseline -0.002 -15"><span class='ocrx_word' id='word_1_183' title='bbox 291 2253 540 2308; x_wconf 87' lang='lat' dir='ltr'>Praeceptor</span> <span class='ocrx_word' id='word_1_184' title='bbox 597 2253 859 2307; x_wconf 85' lang='lat' dir='ltr'>inscribitur,</span> <span class='ocrx_word' id='word_1_185' title='bbox 906 2253 1053 2294; x_wconf 85' lang='lat' dir='ltr'>eadem</span> <span class='ocrx_word' id='word_1_186' title='bbox 1104 2252 1412 2305; x_wconf 87' lang='lat' dir='ltr'>circumitione,</span> <span class='ocrx_word' id='word_1_187' title='bbox 1459 2255 1507 2293; x_wconf 90' lang='lat' dir='ltr'>ut</span> <span class='ocrx_word' id='word_1_188' title='bbox 1553 2250 1771 2305; x_wconf 86' lang='lat' dir='ltr'>aequalem</span> 
     </span>
     <span class='ocr_line' id='line_1_24' title="bbox 292 2334 1778 2392; baseline -0.003 -14"><span class='ocrx_word' id='word_1_189' title='bbox 292 2338 582 2378; x_wconf 86' lang='lat' dir='ltr'>adversarium</span> <span class='ocrx_word' id='word_1_190' title='bbox 618 2337 882 2392; x_wconf 80' lang='lat' dir='ltr'>significaret,</span> <span class='ocrx_word' id='word_1_191' title='bbox 916 2350 1019 2378; x_wconf 88' lang='lat' dir='ltr'>usus</span> <span class='ocrx_word' id='word_1_192' title='bbox 1056 2340 1130 2389; x_wconf 89' lang='lat' dir='ltr'>est,</span> <span class='ocrx_word' id='word_1_193' title='bbox 1159 2335 1231 2376; x_wconf 90' lang='lat' dir='ltr'>ubi</span> <span class='ocrx_word' id='word_1_194' title='bbox 1259 2335 1328 2376; x_wconf 91' lang='lat' dir='ltr'>ille</span> <span class='ocrx_word' id='word_1_195' title='bbox 1357 2335 1560 2376; x_wconf 88' lang='lat' dir='ltr'>inimicus</span> <span class='ocrx_word' id='word_1_196' title='bbox 1577 2334 1778 2384; x_wconf 76' lang='grc' dir='ltr'><em>ὁμώνυμος</em></span> 
     </span>
     <span class='ocr_line' id='line_1_25' title="bbox 293 2418 1777 2475; baseline -0.002 -14"><span class='ocrx_word' id='word_1_197' title='bbox 293 2419 413 2461; x_wconf 79' lang='lat' dir='ltr'>Jovis</span> <span class='ocrx_word' id='word_1_198' title='bbox 446 2425 486 2461; x_wconf 90' lang='lat' dir='ltr'>et</span> <span class='ocrx_word' id='word_1_199' title='bbox 517 2420 652 2462; x_wconf 82' lang='lat' dir='ltr'>Ledae</span> <span class='ocrx_word' id='word_1_200' title='bbox 684 2422 826 2475; x_wconf 87' lang='lat' dir='ltr'>pueris</span> <span class='ocrx_word' id='word_1_201' title='bbox 858 2424 1042 2461; x_wconf 86' lang='lat' dir='ltr'>vocatur.</span> <span class='ocrx_word' id='word_1_202' title='bbox 1080 2419 1192 2460; x_wconf 89' lang='lat' dir='ltr'>Nihil</span> <span class='ocrx_word' id='word_1_203' title='bbox 1224 2432 1321 2474; x_wconf 86' lang='lat' dir='ltr'>ergo</span> <span class='ocrx_word' id='word_1_204' title='bbox 1356 2418 1506 2473; x_wconf 87' lang='lat' dir='ltr'>obstat,</span> <span class='ocrx_word' id='word_1_205' title='bbox 1541 2419 1777 2473; x_wconf 88' lang='lat' dir='ltr'>quominus</span> 
     </span>
    </p>
   </div>
   <div class='ocr_carea' id='block_1_3' title="bbox 293 2502 1529 2557">
    <p class='ocr_par' dir='ltr' id='par_1_5' title="bbox 293 2502 1529 2557">
     <span class='ocr_line' id='line_1_26' title="bbox 293 2502 1529 2557; baseline -0.001 -13"><span class='ocrx_word' id='word_1_206' title='bbox 293 2502 526 2546; x_wconf 86' lang='lat' dir='ltr'>Pantheam</span> <span class='ocrx_word' id='word_1_207' title='bbox 560 2518 709 2546; x_wconf 87' lang='lat' dir='ltr'>verum</span> <span class='ocrx_word' id='word_1_208' title='bbox 743 2505 926 2546; x_wconf 89' lang='lat' dir='ltr'>feminae</span> <span class='ocrx_word' id='word_1_209' title='bbox 959 2516 1114 2545; x_wconf 86' lang='lat' dir='ltr'>nomen</span> <span class='ocrx_word' id='word_1_210' title='bbox 1150 2503 1282 2544; x_wconf 78' lang='lat' dir='ltr'>fuisse</span> <span class='ocrx_word' id='word_1_211' title='bbox 1315 2506 1529 2557; x_wconf 88' lang='lat' dir='ltr'>putemus.</span> 
     </span>
    </p>
   </div>
   <div class='ocr_carea' id='block_1_4' title="bbox 295 2786 1779 2896">
    <p class='ocr_par' dir='ltr' id='par_1_6' title="bbox 295 2786 1779 2896">
     <span class='ocr_line' id='line_1_27' title="bbox 338 2786 1779 2835; baseline 0.001 -10"><span class='ocrx_word' id='word_1_212' title='bbox 338 2789 373 2835; x_wconf 76' lang='lat'>1)</span> <span class='ocrx_word' id='word_1_213' title='bbox 399 2793 593 2826; x_wconf 87' lang='lat' dir='ltr'>Secundum</span> <span class='ocrx_word' id='word_1_214' title='bbox 619 2793 798 2825; x_wconf 86' lang='lat' dir='ltr'>Rothstein</span> <span class='ocrx_word' id='word_1_215' title='bbox 822 2795 865 2835; x_wconf 88' lang='lat' dir='ltr'>(p.</span> <span class='ocrx_word' id='word_1_216' title='bbox 887 2789 967 2835; x_wconf 73' lang='lat'>118&gt;</span> <span class='ocrx_word' id='word_1_217' title='bbox 995 2790 1202 2834; x_wconf 87' lang='lat' dir='ltr'>Antiochiae,</span> <span class='ocrx_word' id='word_1_218' title='bbox 1227 2791 1415 2825; x_wconf 86' lang='lat' dir='ltr'>secundum</span> <span class='ocrx_word' id='word_1_219' title='bbox 1428 2786 1779 2832; x_wconf 79' lang='lat' dir='ltr'>Friedlaender(S.G.</span> 
     </span>
     <span class='ocr_line' id='line_1_28' title="bbox 295 2852 1166 2896; baseline 0 -10"><span class='ocrx_word' id='word_1_220' title='bbox 295 2852 322 2894; x_wconf 86' lang='lat' dir='ltr'>I,</span> <span class='ocrx_word' id='word_1_221' title='bbox 343 2854 374 2895; x_wconf 80' lang='lat'>2,</span> <span class='ocrx_word' id='word_1_222' title='bbox 397 2853 451 2894; x_wconf 79' lang='lat'>94)</span> <span class='ocrx_word' id='word_1_223' title='bbox 477 2854 641 2896; x_wconf 74' lang='lat' dir='ltr'>Smyrnae</span> <span class='ocrx_word' id='word_1_224' title='bbox 667 2855 856 2887; x_wconf 83' lang='lat' dir='ltr'>Pantheam</span> <span class='ocrx_word' id='word_1_225' title='bbox 880 2855 963 2887; x_wconf 79' lang='lat' dir='ltr'>vidit</span> <span class='ocrx_word' id='word_1_226' title='bbox 987 2855 1166 2887; x_wconf 74' lang='lat' dir='ltr'>Lucianus.</span> 
     </span>
    </p>
   </div>
   <div class='ocr_carea' id='block_1_5' title="bbox 1925 2050 1934 2345">
    <p class='ocr_par' dir='ltr' id='par_1_7' title="bbox 1925 2050 1934 2345">
     <span class='ocr_line' id='line_1_29' title="bbox 1925 2050 1934 2345; textangle 90"><span class='ocrx_word' id='word_1_227' title='bbox 1929 2320 1934 2345; x_wconf 80' lang='lat'>.-</span> <span class='ocrx_word' id='word_1_228' title='bbox 1925 2076 1934 2311; x_wconf 61' lang='lat'><em>--—.—2...—-·—--</em></span> <span class='ocrx_word' id='word_1_229' title='bbox 1929 2050 1934 2066; x_wconf 44' lang='lat' dir='ltr'>i.</span> 
     </span>
    </p>
   </div>
  </div>
 </body>
</html>
