1934 3334
997 347 1049 388 56

288 488 371 530 duo
403 488 484 529 loci
517 501 570 529 ex
606 487 681 528 Bis
714 487 928 528 Accusato
963 490 1003 528 et
1034 486 1297 529 Hermotimo
1330 489 1438 530 inter
1469 501 1513 530 se
1545 486 1771 542 comparati

286 573 442 613 favent.
491 571 779 612 Hermotimus
826 570 992 612 Stoicus
1039 571 1082 610 in
1132 571 1295 625 dialogo
1342 572 1409 612 sui
1458 571 1641 612 nominis
1683 571 1768 622 (13)

287 654 510 707 Lucinum,
559 653 637 695 sub
682 667 766 708 qua
811 667 989 709 persona
1035 655 1174 708 ipsum
1224 656 1469 709 scriptorem
1519 655 1647 696 latere
1682 655 1766 708 jam

286 752 415 793 supra
463 739 563 792 dixi,
606 739 719 780 hunc
761 739 812 779 ad
846 739 1019 780 modum
1052 739 1302 793 alloquitur:
1339 739 1408 792 „Si
1439 743 1480 780 te
1512 739 1680 793 aspicio,
1713 738 1770 779 mi

288 822 460 876 Lucine,
507 823 609 863 mihi
657 823 766 863 circa
808 823 1086 877 quadraginta
1129 836 1262 864 annos
1293 826 1417 864 natus
1451 835 1542 864 esse
1574 821 1770 864 videris.’'

284 907 337 948 In
377 889 451 948 Bis
481 907 692 948 Accusato
725 908 809 959 (32)
844 919 955 960 vero,
989 910 1036 948 ut
1061 909 1147 960 j‘am
1182 907 1437 958 audivimus,
1468 905 1683 948 Lucianus
1715 918 1771 956 se,

288 1004 385 1031 cum
431 991 791 1045 quadragenarius
835 995 954 1039 esset,
988 1005 1011 1032 a
1044 990 1266 1032 Rhetorica
1298 991 1349 1032 ad
1381 1003 1520 1032 veram
1554 990 1772 1032 transiisse

288 1075 595 1129 philosophiam
633 1080 785 1116 narrat.
824 1075 976 1130 Itaque
1007 1075 1318 1117 Hermotimum
1350 1074 1424 1116 Bis
1456 1075 1668 1116 Accusato
1699 1087 1772 1115 an-

286 1159 481 1200 teriorem
516 1171 607 1200 esse
626 1159 798 1214 ,liquide
830 1162 1008 1213 apparet.

346 1243 491 1296 Aliud,
539 1243 651 1296 quod
697 1243 919 1297 praecedit,
967 1256 1085 1297 opus,
1132 1246 1193 1284 est
1235 1242 1429 1283 Vitarum
1473 1243 1640 1296 Auctio,
1673 1243 1772 1297 quia

287 1326 520 1382 Diogenem
569 1327 620 1368 ob
668 1327 958 1380 contumelias,
1008 1327 1164 1381 quibus
1211 1326 1425 1368 Lucianus
1467 1328 1511 1367 in
1542 1326 1616 1367 illa
1647 1327 1773 1368 satira

288 1411 558 1465 philosophos
591 1411 737 1464 affecit,
770 1412 814 1451 in
847 1411 1060 1452 Piscatore
1094 1412 1163 1464 (23
1198 1415 1238 1452 et
1270 1411 1341 1461 27)
1371 1412 1522 1452 iratum
1557 1410 1771 1462 videmus3

289 1508 372 1548 quo
404 1495 574 1547 accedit,
608 1498 655 1535 ut
686 1494 783 1535 finis
815 1494 1042 1536 Piscatoris
1074 1508 1149 1549 pro
1183 1495 1462 1549 explicatione
1490 1493 1681 1536 habenda
1709 1495 1774 1548 sit,

291 1593 377 1633 qua
418 1578 644 1632 Lucianus,
687 1592 792 1633 quos
825 1580 866 1619 in
901 1579 971 1620 illa
1003 1579 1199 1620 Vitarum
1233 1579 1442 1620 Auctione
1475 1579 1638 1620 occulte
1672 1579 1775 1633 peti-

295 1664 412 1716 verit,
446 1666 587 1717 aperte
621 1662 786 1703 indicet.
825 1662 946 1714 (Pisc.
979 1664 1060 1715 48).

352 1746 486 1787 Maior
542 1750 683 1787 tamen
730 1747 1073 1800 praecedentium
1122 1747 1383 1801 dialogorum
1432 1759 1552 1801 seges
1600 1759 1656 1787 ex
1702 1746 1777 1788 Bis

288 1832 500 1872 Accusato
535 1832 587 1871 33
622 1832 722 1872 meti
754 1834 901 1885 potest,
935 1830 1007 1872 ubi
1040 1830 1256 1885 Dialogus,
1289 1831 1398 1872 sicut
1426 1844 1554 1885 supra
1580 1830 1777 1884 vidimus,

289 1919 433 1957 utrum
479 1916 663 1970 pedestri
711 1928 902 1957 sermone
950 1929 1002 1956 an
1036 1916 1154 1969 poesi
1187 1916 1241 1956 sit
1273 1915 1542 1969 compositus,
1572 1927 1656 1955 non
1691 1927 1777 1956 am-

288 2001 400 2055 plius
459 2000 657 2041 affirmari
703 2013 825 2054 posse
875 2001 1076 2054 queritur.
1126 1999 1385 2040 Cernebatur
1432 1999 1590 2041 scilicet
1636 2000 1680 2039 in
1729 2011 1777 2040 eo

289 2082 504 2136 παράδοξος
534 2085 676 2138 apim,
711 2098 837 2138 quam
870 2084 1084 2125 Lucianus
1120 2097 1141 2125 e
1175 2085 1301 2126 satira
1320 2084 1541 2138 Menippea
1558 2087 1777 2126 mutuatus

291 2172 411 2210 esset.
461 2168 565 2209 Cum
610 2172 749 2209 autem
792 2170 834 2209 in
870 2168 1068 2223 Menippo
1101 2170 1189 2210 sive
1221 2168 1539 2222 Necyomantia,
1570 2168 1776 2210 Icarome-

290 2252 431 2305 nippo,
478 2251 584 2292 Jove
629 2251 854 2305 Tragoedo,
902 2256 942 2292 et
992 2251 1181 2292 Charone
1229 2264 1377 2293 versus
1421 2263 1567 2306 prosae
1599 2252 1777 2292 orationi

291 2335 527 2376 intermixti
575 2336 861 2388 inveniantur,
905 2337 1020 2390 origo
1062 2339 1103 2377 et
1134 2339 1302 2390 tempus
1334 2348 1480 2377 eorum
1516 2336 1776 2390 dialogorum

291 2433 376 2460 non
408 2419 590 2473 amplius
622 2420 782 2459 incerta
814 2422 925 2460 sunt.

353 2502 516 2552 Quibus
564 2502 759 2557 operibus
807 2507 1015 2557 postremo
1063 2502 1229 2558 Dialogi
1262 2503 1526 2544 Mortuorum
1559 2503 1779 2557 addantur,

294 2586 368 2627 ubi
410 2588 455 2626 in
489 2586 631 2627 decem
666 2586 1008 2627 altercationibus
1040 2587 1110 2628 ille
1143 2586 1306 2638 φοβερὸς
1339 2585 1405 2627 καὶ
1440 2586 1586 2627 δάκνων
1617 2587 1779 2642 Menip-

295 2683 374 2724 pus
406 2670 561 2723 primas
595 2670 679 2723 egit
711 2673 861 2724 partes,
893 2682 1032 2723 neque
1059 2670 1271 2711 veteribus
1299 2672 1483 2725 pepercit
1510 2670 1805 2725 philosophis,-

296 2753 346 2793 de
378 2766 461 2805 qua
494 2753 647 2805 injuria
680 2752 910 2807 Diogenem
943 2754 985 2793 in
1020 2753 1234 2794 Piscatore
1267 2754 1351 2806 (26)
1386 2758 1628 2808 querentem
1662 2754 1780 2795 audi-

296 2837 447 2876 vimus.
