1934 3334
1016 348 1095 387 126

312 490 397 537 clm
430 489 573 541 μεστῷ,
601 501 726 543 quem
753 501 775 529 e
803 487 1092 543 superioribus
1122 488 1286 542 scriptis
1303 487 1591 542 cognovimus,
1608 489 1796 529 mutatus

313 578 432 628 essct,
477 574 630 628 optime
663 585 684 613 e
715 572 856 613 libello
879 586 959 626 pro
991 572 1111 623 lapsu
1142 571 1188 612 in
1218 571 1439 612 salutando
1472 570 1615 612 videre
1646 582 1796 624 possu-

312 671 420 700 mus.
468 656 576 697 Nam
624 668 720 696 cum
768 655 994 709 aliquando
1042 667 1165 696 mane
1207 656 1251 695 in
1283 654 1423 695 forum
1456 653 1796 695 Alexandrinum

310 743 508 795 venisset,
556 740 627 781 ubi
673 740 723 780 de
766 752 893 780 causa
936 739 1117 793 quadam
1156 740 1228 792 jus
1273 739 1496 792 diceretur,
1538 737 1793 791 Romanum,

312 827 386 881 qui
413 825 573 879 judicio
606 826 803 877 praeerat,
835 822 1017 863 formula
1049 821 1193 872 ὑγίαινε
1224 835 1297 876 pro
1330 825 1447 873 χαῖρε
1479 821 1688 862 allocutus
1723 823 1797 862 est.

313 889 449 958 Quod*
479 921 576 949 cum
608 907 899 961 magistratum
932 918 1054 960 aegre
1086 905 1233 946 tulisse
1264 905 1639 957 animadvertisset,
1672 916 1721 945 eo
1754 915 1799 945 se

312 992 476 1057 abjecit·
503 990 763 1042 humilitatis,
807 992 852 1030 ut
896 990 1016 1043 quasi
1058 989 1359 1043 gravissimum
1391 988 1556 1029 facinus
1588 990 1797 1042 perpetra-

313 1077 455 1128 visset,
501 1073 704 1129 peculiari.
744 1072 899 1126 libello,
941 1074 985 1112 in
1028 1085 1113 1125 quo
1158 1071 1300 1112 eadem
1348 1071 1559 1112 salutandi
1601 1070 1735 1111 forma
1777 1082 1800 1112 e

312 1161 501 1200 virorum
549 1157 754 1199 nobilium
803 1156 989 1211 epistolis
1038 1155 1353 1205 defendebatur,
1398 1155 1563 1210 lapsum
1611 1165 1792 1214 purgare

315 1245 546 1284 conaretur.

373 1326 553 1381 Sperans
585 1328 726 1366 autem
759 1324 847 1365 fore
879 1326 925 1364 ut
957 1323 1033 1363 hac
1061 1322 1301 1363 adulatione
1318 1323 1494 1377 gratiam
1511 1321 1799 1362 Romanorum

315 1411 396 1453 sibi
427 1411 677 1463 conciliaret,
711 1422 758 1450 eo
786 1408 988 1462 processit
1015 1406 1206 1460 fiduciae,
1236 1409 1282 1447 ut
1310 1405 1390 1447 sibi
1418 1403 1517 1452 ἔθνος
1544 1405 1800 1457 ἐπιτραπῆναι

314 1493 334 1542 ἤ
379 1509 486 1540 τινας
528 1492 659 1539 ἄλλοις
691 1489 846 1544 πράξεις
880 1488 1090 1541 βασιλικάς
1124 1492 1398 1544 exspectaret.
1433 1488 1514 1530 Sed
1545 1488 1664 1530 brevi
1694 1491 1801 1530 tem-

314 1592 414 1634 pore
456 1593 479 1620 a
516 1577 716 1619 Romanis
757 1577 970 1629 dimissus,
1003 1575 1163 1616 nedum
1191 1575 1242 1615 ad
1275 1575 1433 1615 maiora
1470 1586 1646 1615 munera
1677 1586 1800 1615 voca-

314 1668 396 1716 tus,
453 1675 580 1716 quem
631 1661 802 1715 juvenis
861 1659 1004 1700 orbem
1050 1662 1258 1699 terrarum
1305 1661 1610 1712 peragraverat,
1660 1657 1800 1699 denuo

316 1759 446 1788 senex
487 1758 723 1800 pererrasse
767 1747 807 1785 et
850 1743 901 1784 ad
942 1744 1170 1784 rhetoricas
1204 1742 1528 1783 declamationes
1559 1745 1642 1782 tam
1678 1754 1803 1796 saepe

318 1844 342 1871 a
397 1842 442 1871 se
498 1832 770 1883 contemptas,
828 1828 980 1868 iterum
1031 1826 1297 1868 descendisse
1343 1826 1518 1866 videtur.
1566 1824 1802 1867 Lucianum

317 1913 451 1966 illum,
495 1925 620 1967 quem
661 1911 981 1953 acerbissimum
1020 1910 1205 1952 tumidae
1238 1911 1451 1952 rhetorum
1484 1911 1681 1951 vanitatis
1712 1922 1805 1964 per-

319 2000 551 2037 secutorem
584 1996 871 2049 cognovimus,
901 1995 1041 2048 ipsum
1071 1994 1255 2035 insulsas
1282 1997 1321 2034 et
1349 1994 1464 2034 omni
1490 1994 1660 2048 ingenio
1678 1993 1804 2034 desti-

318 2083 431 2121 tutas
473 2079 750 2134 praefationes
791 2078 1001 2131 habuisse,
1043 2078 1188 2132 quales
1229 2080 1329 2118 sunt
1360 2076 1571 2131 Hercules,
1611 2076 1807 2130 Bacchus,

319 2162 538 2218 Dipsades,
571 2175 703 2217 paene
733 2162 978 2203 incredibile
1011 2165 1132 2215 esset,
1165 2163 1248 2203 nisi
1279 2163 1372 2216 ipsa
1403 2161 1541 2215 verba,
1573 2161 1731 2215 quibus
1749 2159 1803 2219 ⁰.b

319 2251 579 2289 senectutem
623 2247 959 2288 benevolentiam
993 2246 1278 2287 multitudinis
1311 2245 1533 2299 mendicat,
1564 2244 1728 2298 (Bacch.
1763 2244 1808 2297 6,
1873 2284 1877 2287 .

320 2330 443 2372 Herc.
475 2331 512 2383 7,
546 2331 586 2381 8)
618 2333 888 2371 testarentur.

378 2414 608 2468 Postquam
653 2415 783 2469 igitur
813 2413 1039 2468 Lucianus,
1071 2417 1118 2455 ut
1149 2417 1276 2454 totam
1311 2414 1402 2454 eius
1434 2413 1563 2454 vitam
1595 2413 1805 2468 complec—

316 2501 392 2552 tar,
434 2498 704 2552 antiquorum
747 2499 990 2552 exemplum
1023 2501 1194 2539 secutus
1227 2497 1430 2552 paulatim
1463 2497 1515 2538 ad
1548 2509 1646 2538 eum
1679 2509 1806 2551 prae-

319 2582 496 2622 stantiae
542 2581 720 2635 gradum
768 2581 968 2634 ascendit,
1017 2585 1063 2622 ut
1100 2582 1196 2634 jure
1238 2594 1283 2622 se
1315 2581 1554 2635 aequalium
1588 2593 1804 2622 censorem

320 2665 538 2705 nominare
584 2668 734 2718 posset,
780 2677 912 2706 senex
958 2665 1088 2705 animi
1132 2664 1323 2705 libertate
1370 2664 1557 2718 deposita
1605 2663 1802 2705 adulator

318 2747 606 2789 Romanorum
649 2748 797 2801 factus,
828 2752 972 2802 postea
1002 2749 1170 2803 ingenio
1203 2748 1454 2789 hebescente
1487 2747 1538 2788 ad
1569 2747 1799 2789 rhetoricas

324 2833 647 2874 exercitationes
680 2833 873 2887 relapsus
906 2836 979 2874 est.
