1934 3334
827 356 880 395 33

169 497 226 538 At
272 496 382 537 dicat
428 496 651 550 quispiam,
697 508 905 549 quaenam
940 497 1029 536 erat
1062 508 1199 544 causa,
1234 497 1279 535 ut
1309 507 1466 535 nomen
1499 498 1586 535 tam

114 580 434 634 circumscripte
465 579 680 619 indicaret.
713 578 889 619 auctor?

169 662 263 716 Ipse
294 662 507 703 Lucianus
540 675 661 703 suam
696 662 901 703 rationem
932 662 1141 715 explicare
1168 662 1313 714 voluit,
1343 674 1441 702 cum
1469 661 1590 702 femi-

110 758 209 786 nam
243 744 489 796 τῷβοισιλεῑ
516 749 679 784 συνεῖναι
712 744 859 798 (Imag.
896 745 965 794 10)
993 745 1170 786 adderet.
1210 744 1462 798 Scriptorem
1482 745 1590 786 veri-

111 831 216 882 tum,
264 831 311 869 ut
354 829 443 882 regi
488 831 628 882 aperta
674 828 847 868 nomina
894 828 1118 881 placerent,
1167 828 1407 882 prudenter,
1459 841 1585 882 quam

112 911 301 964 voluerit,
333 911 550 960 indicasse,
580 910 700 951 facile
732 911 963 964 intellegas.

170 994 227 1035 Ut
268 995 412 1048 paucis
459 995 664 1035 memoria
697 998 896 1048 repetam,
930 1007 1036 1047 quae
1066 994 1289 1048 hucusque
1320 994 1479 1048 collegi,
1512 997 1593 1035 sta-

112 1077 319 1118 tuendum
352 1080 414 1118 est
446 1076 635 1118 Marcum
670 1077 896 1118 Aurelium
924 1077 1159 1118 Pantheam
1189 1077 1404 1130 quandam
1423 1081 1592 1131 propter

111 1173 300 1202 amorem
341 1162 383 1200 in
427 1161 650 1201 dominum
695 1160 895 1201 omnibus
938 1164 1081 1201 notam
1126 1162 1392 1212 nominasse3
1442 1161 1591 1201 deinde

111 1244 293 1298 legimus
320 1243 556 1284 Lucianum
590 1243 794 1284 feminam
828 1244 1016 1284 eiusdem
1051 1245 1239 1284 nominis
1272 1244 1314 1283 in
1348 1242 1451 1284 urbe
1469 1243 1593 1283 Asia-

112 1328 194 1368 tica
226 1328 391 1381 vidisse,
425 1341 524 1368 cum
555 1340 712 1382 regem,
745 1328 866 1368 cuius
900 1328 1037 1368 amica
1069 1330 1189 1380 esset,
1216 1326 1394 1367 fideliter
1422 1328 1595 1367 comita-

114 1415 251 1463 retur,
283 1415 496 1465 postremo
529 1424 583 1452 ex
615 1412 786 1452 historia
818 1415 968 1451 notum
1003 1415 1066 1451 est
1092 1410 1273 1451 Lucium
1302 1410 1475 1459 Verum,
1493 1423 1593 1450 cum

116 1495 168 1536 ad
209 1495 367 1536 bellum
410 1495 656 1536 Parthicum
696 1494 1040 1548 proficisceretur,
1072 1508 1144 1548 per
1179 1494 1390 1548 quoddam
1426 1497 1595 1547 tempus

116 1579 160 1618 in
202 1580 418 1633 provincia
458 1579 562 1620 Asia
604 1582 817 1619 moratum
862 1591 953 1619 esse
996 1581 1035 1619 et
1072 1591 1171 1618 cum
1204 1579 1249 1618 in
1282 1578 1403 1630 Syria
1436 1577 1596 1618 bellum

123 1665 294 1717 gereret,
341 1675 485 1703 secum
533 1661 730 1702 habuisse
763 1662 957 1702 amicam.

174 1746 324 1801 Itaque
364 1747 460 1788 licet
502 1747 693 1787 nondum
726 1745 997 1787 manifestum
1033 1746 1096 1799 sit,
1130 1747 1284 1799 omnia,
1318 1758 1425 1800 quae
1459 1746 1598 1799 attuli,

118 1830 170 1871 ad
216 1831 392 1872 eandem
437 1830 642 1872 feminam
689 1830 905 1871 referenda
948 1843 1050 1883 esse,
1096 1844 1294 1884 magnam
1332 1834 1476 1871 tamen
1509 1831 1600 1871 veri

124 1914 305 1967 speciem
353 1926 451 1968 prae
498 1926 541 1955 se
588 1913 667 1954 fert
707 1914 845 1967 opinio
886 1913 1229 1967 Scholiastarum,
1265 1914 1339 1967 qui
1372 1913 1422 1954 de
1454 1917 1601 1954 nostro

119 1997 226 2038 libro
259 1997 469 2039 scribunt:
503 1997 553 2044 εἷς
587 1996 774 2038 Πάνθειαν
806 1996 874 2043 τὴν
906 1996 1142 2045 Σμυρναίων,
1175 2000 1347 2046 γυναῖκα
1379 1996 1418 2036 δὲ
1453 1995 1598 2047 Οὐήρου

122 2083 188 2121 τοῦ
231 2083 401 2132 Χρηστοῦ
437 2080 638 2132 Καίσαρος,
670 2079 820 2126 ἔπαινός
853 2080 962 2120 ἐστιν.
1000 2079 1063 2132 (In
1097 2080 1238 2121 codice
1268 2079 1480 2120 Marciano
1513 2080 1601 2119 434

122 2165 246 2205 etiam
296 2164 484 2205 additur:
533 2160 576 2211 ἧς
623 2163 690 2203 καὶ
734 2163 889 2214 Μάρκος
933 2162 948 2202 ὂ
991 2167 1140 2214 Καῖσαρ
1184 2162 1220 2202 ἐν
1263 2167 1343 2208 τοῖς
1385 2162 1435 2208 εἷς
1468 2161 1602 2202 ἑαυτὸν

123 2247 260 2293 ἠθικοῖς
287 2246 509 2298 μέμνηται).
542 2246 689 2300 Neque
721 2246 930 2300 intellego,
962 2259 1038 2286 cur
1070 2245 1323 2299 Brunsius1)
1359 2249 1398 2286 et
1416 2245 1485 2285 alii
1504 2257 1604 2285 con-

118 2332 325 2385 Jecturam
359 2331 554 2372 Salmasii
587 2344 610 2371 a
641 2330 831 2371 Nauckio
864 2330 1087 2384 paululum
1124 2333 1352 2370 correctam
1390 2332 1606 2382 respuant,

127 2415 200 2468 qui
246 2427 319 2469 pro
361 2419 407 2465 τῇ
451 2416 518 2454 τοῦ
558 2413 677 2465 κυρίου
718 2413 893 2455 feliciter
932 2414 1151 2468 proposuit
1182 2418 1228 2464 τῇ
1263 2411 1423 2465 Οὐήρου,
1455 2411 1605 2464 (Marc.

125 2498 229 2538 Aur.
271 2497 386 2538 VIII.
431 2498 500 2551 37)
540 2511 667 2552 quam
702 2497 1041 2538 emendationem
1077 2500 1287 2538 structura
1319 2496 1479 2551 periodi
1512 2498 1605 2536 tan-

127 2583 220 2622 tum
253 2594 337 2622 non
369 2580 540 2636 flagitat.

187 2664 298 2714 Quid
343 2669 484 2708 autem
517 2665 730 2707 Lucianus
762 2666 838 2707 hac
868 2665 1107 2707 laudatione
1141 2664 1362 2707 scribenda
1394 2664 1473 2706 sibi
1506 2676 1610 2718 pro-

170 2852 206 2895 1)
230 2853 296 2886 Cfr.
319 2853 405 2886 Mus.
428 2854 537 2886 Rhen.
564 2853 661 2887 1888.
686 2854 809 2887 Bruns.
835 2854 925 2889 Luk.
950 2854 1032 2896 phil.
1062 2854 1208 2886 Satiren.
