1934 3334
841 325 895 365 23

189 464 286 519 Ipse
318 464 531 506 Lucianus
563 464 684 506 nobis
714 465 895 519 tradidit,
929 479 1052 520 quam
1086 466 1327 521 frequenter
1355 467 1466 508 clara
1493 466 1611 509 Sala-

130 550 255 590 minis
300 553 341 590 et
375 548 633 590 Marathonis
667 550 839 590 nomina
871 550 945 591 has
980 551 1261 604 sophistarum
1299 551 1618 592 declamationes

123 633 341 681 illustrare
389 633 580 674 solerent.
622 632 700 674 Vel
743 633 845 673 adeo
888 633 937 673 ad
981 646 1070 674 eam
1109 634 1298 688 putidam
1333 637 1460 688 atque
1492 647 1608 688 prae-

125 721 334 772 posteram
384 717 659 758 imitationem
707 717 918 771 progressi
962 721 1073 770 sunt,
1113 721 1160 758 ut
1199 719 1290 772 ipsa
1333 719 1605 772 antiquorum

127 803 345 841 auctorum
380 812 504 854 opera
535 802 756 840 retractare
789 802 829 840 et
856 800 891 840 si
922 804 1103 854 possent,
1132 813 1330 854 superare
1348 805 1608 842 conarentur.

125 883 273 924 Aelius
316 883 534 936 Aristides,
572 883 712 924 rhetor
744 882 921 924 Luciani
954 883 1155 937 aequalis,
1184 884 1484 926 declamatione
1515 884 1605 936 πρὸς

124 965 317 1012 Λεπτίνην
374 967 573 1020 inscripta
630 965 968 1021 Demosthenem,
1015 967 1241 1009 Isocratem
1293 969 1478 1009 oratione
1527 981 1603 1009 sua

123 1048 430 1090 Panathenaica
465 1049 707 1090 antecedere
737 1032 912 1090 studuit.

180 1133 291 1173 Ante
334 1145 479 1174 omnes
523 1134 719 1187 antiquos
762 1133 981 1187 Isocrates,
1023 1147 1046 1174 a
1080 1147 1162 1187 quo
1196 1135 1262 1174 via
1295 1134 1345 1175 ad
1378 1135 1604 1176 rhetoricas

123 1218 444 1258 exercitationes
463 1217 664 1271 patefacta
683 1222 803 1270 esset,
822 1217 1019 1258 laudibus
1038 1218 1296 1260 efferebatur.
1316 1218 1487 1259 Flavius
1505 1217 1602 1259 Phi-

119 1301 319 1341 lostratus
368 1300 503 1353 (Vitae
545 1301 667 1355 Soph.
706 1301 737 1354 I,
770 1314 806 1355 p.
842 1302 911 1356 21)
946 1302 1073 1342 vitam
1108 1302 1198 1343 eius
1232 1303 1444 1343 enarravit
1475 1305 1601 1355 atque

124 1385 327 1426 Aristides
355 1397 450 1425 eum
479 1386 668 1425 nominat
695 1383 780 1425 τινὰ
796 1387 868 1424 τῶν
886 1384 1102 1434 ἐλλογίμων
1120 1384 1183 1425 καὶ
1200 1387 1376 1425 παλαιῶν
1393 1388 1598 1437 σοφιστῶν,

122 1468 235 1508 unde
267 1468 393 1509 simul
427 1471 594 1522 apparet
631 1469 939 1509 Antoninorum
969 1481 1070 1509 aevo
1098 1469 1207 1510 inter
1233 1470 1405 1510 nomina
1422 1470 1599 1511 rhetoris

119 1555 161 1592 et
194 1552 404 1606 sophistae
436 1564 559 1593 omne
593 1552 816 1593 discrimen
849 1565 940 1593 esse
973 1551 1196 1593 sublatum.
1230 1552 1324 1603 (Cfr.
1358 1552 1490 1593 Praef.
1511 1552 1590 1594 Vit.

116 1634 238 1690 Soph.
271 1635 402 1676 Flavii
434 1635 643 1690 Philostr.)

174 1718 304 1760 Vides
334 1732 431 1773 ergo
458 1744 512 1749 —
536 1723 678 1774 postea
696 1722 806 1761 enim
828 1721 936 1775 apud
956 1719 1193 1761 Lucianum
1212 1720 1392 1761 eundem
1410 1721 1596 1775 viguisse

118 1815 275 1844 morem
319 1803 532 1857 apparebit
575 1828 626 1833 —
672 1804 878 1858 sophistas
923 1817 1008 1845 non
1041 1805 1174 1858 magis
1206 1817 1316 1845 nova
1347 1809 1594 1859 argumenta

115 1899 138 1927 e
180 1899 256 1927 suo
299 1886 475 1928 finxisse
518 1888 699 1941 ingenio,
741 1901 865 1942 quam
900 1889 1093 1942 exempla
1126 1902 1150 1929 a
1181 1888 1414 1930 maioribus
1447 1889 1596 1930 tradita

113 1970 315 2010 imitando
348 1970 553 2012 refecisse.

174 2054 319 2095 Unum
353 2058 512 2096 tantum
547 2055 781 2097 litterarum
814 2069 961 2111 genus,
995 2057 1107 2110 quod
1141 2057 1253 2111 apud
1285 2057 1448 2098 Atticos
1466 2058 1594 2112 scrip-

113 2141 224 2179 tores
265 2138 421 2179 frustra
465 2140 690 2193 quaeritur,
735 2153 890 2194 magno
936 2141 1074 2181 studio
1107 2154 1129 2181 a
1161 2139 1398 2181 rhetoribus
1430 2141 1593 2181 excole-

113 2221 246 2263 batur.
295 2222 436 2263 Prima
469 2224 579 2263 enim
614 2224 845 2277 specimina
877 2223 1112 2264 fabularum
1147 2224 1255 2265 fictis
1288 2228 1518 2265 amatorum
1553 2227 1593 2265 et

111 2306 471 2359 peregrinatorum
531 2306 699 2347 casibus
756 2306 1016 2360 refertarum,
1069 2321 1173 2361 quas
1220 2308 1353 2361 patrio
1401 2320 1592 2348 sermone

111 2388 294 2430 novellen
336 2402 485 2430 vocare
524 2390 719 2443 solemus,
752 2391 795 2430 in
828 2391 1040 2431 rhetorum
1075 2390 1272 2445 operibus
1303 2391 1591 2432 inveniuntur.

112 2472 208 2513 Jam
258 2474 369 2528 apud
410 2473 586 2515 Dionem
631 2474 862 2515 Prusaeutn
911 2475 952 2515 in
1001 2476 1198 2528 oratione,
1246 2488 1354 2529 quae
1400 2474 1588 2515 Euboica

111 2556 364 2609 inscribitur,
397 2558 656 2611 lepidissima
688 2564 882 2599 narratur
912 2558 1065 2611 fabula,
1097 2558 1169 2599 ubi
1203 2559 1381 2613 simplex
1409 2560 1585 2600 rustico-

111 2653 204 2680 rum
250 2641 336 2680 vita
368 2645 450 2681 tam
483 2640 660 2682 fideliter
694 2641 945 2695 depingitur,
977 2646 1025 2683 ut
1057 2641 1165 2682 infra
1197 2643 1352 2696 optima
1383 2644 1585 2683 recentio-

109 2736 204 2763 rum
248 2727 481 2777 temporum
526 2726 755 2778 specimina
782 2725 963 2778 judicari
996 2738 1264 2780 nequaquam
1297 2725 1453 2767 debeat.
1486 2726 1583 2780 Ipse

112 2805 326 2848 Lucianus
359 2808 522 2863 dialogo
552 2809 758 2851 Toxaride
791 2809 931 2851 decem
966 2823 988 2852 e
1019 2810 1105 2850 vita
1135 2809 1389 2852 Graecorum
1417 2814 1457 2851 et
1483 2810 1584 2863 Scy-
