1934 3334
1001 341 1054 382 22

293 484 335 524 in
385 483 640 524 Graecorum
688 482 800 523 enim
846 480 1060 521 rhetorum
1104 492 1326 521 numerum
1359 479 1502 521 referri
1534 480 1594 522 eis
1620 480 1774 534 jucun-

294 567 514 608 dissimum
563 564 785 606 videbatur
816 564 1059 618 praemium.
1090 562 1211 618 Ipsae
1242 563 1422 604 feminae
1451 564 1494 603 in
1528 563 1774 617 quotidiano

291 650 558 705 epistolarum
604 663 684 690 usu
727 649 853 689 latine
885 647 1067 689 scribere
1099 647 1363 701 spernebant,
1396 651 1441 688 ut
1474 646 1630 701 Apulei
1663 648 1775 701 Apo·

293 736 403 789 logia
444 738 632 786 testatur,
673 733 745 774 ubi
788 733 941 787 passim
982 744 1131 785 graeca
1164 731 1395 786 fragmenta
1426 743 1479 772 ex
1511 729 1778 772 Pudentillae

294 820 442 860 uxoris
475 819 661 872 epistolis
694 821 860 871 sumpta
893 816 1137 857 afferuntur.

352 890 501 956 Neque
543 902 681 943 solum
721 912 954 942 sermonem
987 912 1182 954 graecum
1217 898 1490 940 imitabantur
1521 897 1672 951 Latini,
1704 898 1778 940 sed

294 987 336 1027 in
386 986 645 1039 argumentis
693 984 896 1038 eligendis
945 983 1199 1024 Graecorum
1250 983 1385 1023 secuti
1434 985 1535 1023 sunt
1575 981 1778 1036 exempla.

295 1069 516 1124 Apuleius,
551 1073 596 1110 ut
628 1070 778 1109 iterum
813 1068 933 1108 illum
966 1066 1142 1108 Luciani
1175 1066 1391 1120 aequalem
1425 1065 1780 1120 proferam,fabu-

293 1155 366 1207 las,
400 1167 506 1207 quae
533 1155 574 1193 in
606 1152 990 1206 Metamorphoseon
1021 1151 1137 1191 libris
1166 1151 1378 1204 leguntur,
1407 1163 1601 1204 magnam
1619 1153 1778 1204 partem

298 1252 321 1280 a
366 1237 496 1279 Lucio
542 1237 747 1290 Patrensi,
793 1237 962 1277 homine
1013 1235 1182 1288 Graeco,
1227 1238 1446 1276 mutuatus
1478 1238 1562 1286 est3
1595 1235 1639 1274 in
1670 1246 1782 1274 com-

301 1321 632 1364 mentationibus
679 1324 832 1374 autem,
880 1333 984 1374 quas
1022 1320 1072 1360 de
1103 1318 1365 1374 philosophia
1397 1318 1644 1372 composuit,
1679 1318 1780 1372 quin

301 1406 480 1447 Graecos
525 1406 746 1459 magistros
784 1408 879 1445 ante
913 1403 1058 1444 oculos
1089 1402 1295 1456 habuerit,
1326 1415 1348 1442 a
1380 1401 1498 1442 nullo
1529 1403 1572 1442 in
1605 1401 1783 1442 dubium

302 1494 483 1531 vocatur.

360 1573 524 1623 Quibus
563 1586 616 1615 ex
648 1572 774 1614 rebus
805 1573 1120 1613 Antoninorum
1156 1583 1257 1612 aevo
1290 1570 1450 1611 litteras
1485 1569 1663 1611 Graecas
1694 1582 1779 1610 non

304 1659 439 1700 solum
488 1659 531 1697 in
580 1656 750 1697 Oriente
797 1659 837 1697 et
884 1657 926 1696 in
977 1655 1160 1708 Graecia,
1193 1654 1264 1695 sed
1298 1653 1545 1708 ubicunque
1578 1658 1783 1694 terrarum

300 1743 497 1784 cultiores
529 1742 720 1783 homines
752 1744 881 1794 erant,
917 1740 1088 1781 dilectas
1123 1742 1162 1780 et
1193 1739 1376 1779 maxime
1398 1737 1530 1780 fuisse
1548 1738 1786 1779 aestimatas

299 1827 419 1868 facile
451 1826 747 1880 intellegimus.
1591 1814 1595 1821 ’

363 1909 479 1959 Quae
521 1923 619 1950 vero
663 1909 727 1950 his
768 1908 988 1949 rhetoricis
1031 1907 1181 1948 litteris
1214 1909 1375 1959 natura,
1408 1905 1532 1959 quale
1563 1905 1782 1960 ingenium

301 1994 414 2035 fuit?

360 2077 562 2118 Rhetores
591 2077 783 2131 quamvis
810 2089 977 2117 reorum
1007 2088 1156 2115 causas
1185 2078 1310 2128 atque
1338 2073 1529 2128 publicas
1555 2073 1786 2127 legationes

303 2164 485 2215 recipere
517 2175 600 2201 non
635 2163 890 2212 recusarent,
923 2159 1028 2200 illud
1061 2162 1200 2199 tamen
1233 2171 1369 2212 genus
1404 2157 1569 2198 dicendi
1602 2157 1786 2198 maxime

304 2245 506 2297 colebant,
540 2244 652 2298 quod
685 2257 769 2284 non
803 2247 887 2284 tam
922 2244 965 2283 in
999 2255 1139 2283 rerum
1175 2255 1253 2282 usu
1289 2246 1328 2282 et
1361 2242 1548 2299 veritate,
1581 2253 1709 2294 quam
1741 2241 1786 2280 in

306 2329 509 2368 oratoriae
555 2327 766 2367 facultatis
810 2327 1111 2367 exercitatione
1153 2330 1192 2366 et
1222 2325 1498 2366 ostentatione
1530 2323 1810 2365 versabatur·

362 2411 458 2452 Duo
494 2412 736 2465 praesertim
769 2423 922 2465 genera
953 2408 1188 2451 ἐπιδεικτικοὲ
1222 2410 1264 2449 in
1297 2422 1379 2450 usu
1411 2412 1539 2450 erant.

363 2495 553 2548 Romani,
602 2499 751 2535 natura
797 2495 849 2535 ad
896 2495 990 2535 lites
1038 2493 1294 2534 dirimendas
1338 2493 1435 2545 nati,
1477 2492 1596 2533 fictas
1638 2504 1787 2533 causas

313 2579 542 2632 disceptare
576 2579 770 2619 amabant
802 2579 1026 2631 (consulas,
1061 2591 1230 2632 quaeso,
1265 2577 1579 2618 Controversias
1606 2575 1788 2617 Senecae

308 2663 499 2714 rhetoris,
541 2667 581 2702 et
625 2663 947 2703 declamationes
990 2661 1489 2716 pseudoquintilianeas);
1518 2659 1664 2700 Graeci
1695 2658 1788 2700 rhe-

310 2750 421 2786 tores
474 2759 621 2799 magna
675 2747 892 2801 voluptate
943 2747 987 2786 in
1042 2746 1246 2786 maiorum
1294 2743 1525 2786 virtutibus
1565 2743 1788 2787 laudandis

312 2828 592 2872 morabantur.
