1934 3334
854 318 878 357 9

134 468 235 496 num
279 454 357 496 sub
396 455 529 496 forma
564 468 710 510 prosae
746 457 944 497 orationis
975 469 1122 498 versus
1155 458 1221 498 vel
1253 457 1483 512 fragmenta
1514 469 1604 499 ver-

133 551 258 579 suum
289 538 464 579 laterent
495 551 516 580 e
548 539 759 580 comoedia
791 540 930 580 Attica
961 543 1136 594 sumpta.

192 620 345 675 Magno
389 621 526 662 studio
571 625 696 675 atque
736 621 877 663 labore
920 622 1166 676 Lucianum,
1209 625 1463 664 comicorum
1495 623 1604 677 frag-

135 708 284 758 menta,
340 708 380 746 et
436 705 673 747 Kockianas
721 707 770 748 de
818 708 893 747 hac
942 709 1186 761 quaestione
1232 707 1544 749 lucubrationes
1571 711 1601 762 1)

133 791 429 842 perscrutatus,
457 801 522 830 me
549 790 712 830 nullum
742 803 898 831 novum
928 790 1208 844 fragmentum
1236 804 1288 831 ex
1308 792 1448 845 aliqua
1467 795 1604 832 vetere

133 873 344 914 comoedia
384 874 426 913 in
468 872 653 914 Luciano
680 875 910 927 repperisse
943 873 1065 915 fateri
1097 887 1233 928 cogor,
1270 875 1341 915 sed
1375 874 1486 928 quod
1519 887 1604 914 ma-

132 957 234 997 ioris
276 959 337 997 est
378 957 590 1010 momenti,
627 957 750 998 etiam
793 956 1001 998 Kockium
1034 958 1160 998 nimis
1194 958 1389 999 audacter
1421 959 1462 998 in
1496 957 1604 1012 frag-

133 1040 284 1080 mentis
316 1040 583 1080 restituendis
613 1043 849 1094 grassatum
882 1053 972 1081 esse
1004 1053 1077 1094 pro
1110 1044 1221 1081 certo
1254 1042 1443 1095 cognovi.

193 1122 301 1172 Quid
335 1124 446 1164 enim
477 1124 651 1164 rationis
682 1124 791 1164 inter
821 1123 1057 1165 Lucianum
1086 1127 1126 1165 et
1143 1124 1331 1165 Comicos
1352 1125 1604 1165 intercedit?

190 1207 531 1261 Nonnumquam,
566 1211 611 1248 ut
641 1208 684 1248 in
715 1207 886 1248 Timone
919 1212 959 1249 et
989 1206 1175 1262 Dialogis
1204 1207 1452 1249 Meretriciis
1469 1211 1604 1249 totum

133 1293 425 1345 argumentum
477 1303 498 1332 e
544 1290 766 1332 Comoedia
807 1292 996 1345 sumpsit,
1040 1291 1139 1331 alibi
1182 1304 1213 1332 e.
1240 1305 1277 1345 g.
1320 1292 1362 1331 in
1412 1291 1530 1332 Gallo
1563 1295 1602 1332 et

131 1374 337 1427 Tyranno,
394 1375 598 1428 quaedam
647 1375 843 1429 episodia,
891 1378 936 1415 ut
984 1375 1137 1429 dialogi
1184 1375 1398 1430 hilariores
1444 1376 1604 1429 fierent,

132 1459 288 1499 inserta
321 1461 429 1499 sunt.
462 1458 680 1499 Interdum
713 1471 746 1500 e.
765 1472 801 1512 g.
834 1459 877 1498 in
911 1458 1074 1512 dialogo
1104 1459 1153 1500 de
1179 1459 1366 1500 Parasito
1385 1472 1604 1513 personam

134 1542 333 1582 comicam
363 1541 623 1595 (parasitum)
652 1541 834 1595 induxit,
865 1543 1031 1595 saepius
1059 1544 1196 1583 tamen
1216 1542 1350 1583 solum
1371 1555 1605 1584 sermonem

132 1625 182 1666 ad
215 1625 468 1666 comicorum
500 1638 634 1679 genus
666 1624 831 1665 dicendi
861 1624 996 1665 finxit.

189 1707 326 1749 Facile
371 1709 501 1762 igitur
546 1707 775 1762 intellegas,
816 1708 956 1760 lector,
1000 1720 1122 1762 saepe
1165 1721 1248 1749 non
1293 1722 1412 1763 posse
1455 1710 1606 1763 dirimi,

133 1793 276 1831 utrum
317 1791 492 1844 scriptor
533 1790 703 1844 aliquod
737 1790 979 1844 exemplum
1014 1794 1109 1832 ante
1141 1791 1283 1832 oculos
1318 1791 1522 1846 habuerit,
1553 1806 1605 1833 an

131 1886 152 1915 e
200 1887 276 1914 suo
322 1875 490 1928 ingenio
537 1877 832 1928 argumentum
880 1875 1036 1915 comice
1082 1876 1297 1916 invenerit.
1354 1875 1600 1930 Numquam

130 1961 281 2010 tamen,
326 1970 379 1999 ne
423 1959 466 1998 in
513 1957 685 1998 Timone
732 1961 771 1999 et
818 1959 861 1998 in
903 1956 1090 2012 Dialogis
1133 1957 1379 2000 Meretriciis
1424 1960 1606 2014 quidem,

128 2040 342 2082 Lucianus
384 2042 605 2095 magistros
648 2044 731 2081 tam
775 2053 916 2095 presse
959 2044 1129 2082 secutus
1172 2045 1244 2094 est,
1288 2045 1333 2082 ut
1365 2055 1418 2083 ex
1451 2044 1605 2097 sparsis

130 2126 299 2166 comicis
332 2124 615 2165 locutionibus
647 2127 732 2165 tota
764 2137 888 2165 scena
919 2123 1034 2165 refici
1067 2125 1208 2178 possit.

190 2208 362 2249 Frustra
408 2209 538 2262 igitur
584 2220 716 2248 meam
767 2208 1083 2261 inquisitionem
1117 2210 1282 2262 suscepi
1315 2221 1452 2262 neque
1485 2209 1605 2263 quid-

131 2305 257 2346 quam
288 2291 475 2332 lucratus
509 2292 636 2332 sum?

188 2374 360 2416 Minime
408 2387 529 2426 vero,
579 2376 833 2415 comicorum
881 2375 1040 2415 auxilio
1090 2376 1220 2416 multo
1271 2375 1432 2429 melius,
1479 2389 1605 2430 quam

131 2459 317 2512 alioquin
372 2459 615 2512 potuissem,
663 2459 878 2513 ingenium
928 2458 1103 2499 Luciani
1148 2472 1221 2513 per
1268 2461 1403 2500 varias
1453 2464 1606 2501 aetates

110 2554 112 2557 ·
131 2554 322 2583 crescens
354 2542 558 2596 perspexi.

174 2801 205 2842 1)
229 2801 295 2834 Cfr.
321 2801 406 2834 Mus.
431 2802 540 2835 Rhen.
565 2801 662 2841 1888,
689 2803 804 2835 Herm.
828 2803 916 2844 XXI,
940 2803 1031 2835 Com.
1056 2803 1125 2836 Att.
1152 2804 1282 2846 Fragm.
1308 2804 1403 2836 Tom.
1431 2804 1485 2837 [ΙΙ.
