1934 3334
876 329 928 368 87

169 472 290 525 quasi
331 472 507 511 virtutes
548 469 786 520 laudantur,
820 480 927 521 quae
959 467 1175 508 Lucianus
1207 468 1251 507 in
1283 466 1530 520 aequalibus
1564 465 1640 518 Cy-

168 555 273 595 nicis
305 555 543 607 vituperare
575 551 741 593 solebat.

229 636 337 686 Quid
370 637 419 678 de
446 637 525 697 'hac
559 637 665 676 mira
697 635 975 688 discrepantia
1009 633 1267 674 censendum
1303 633 1397 674 est?

227 721 414 761 Alteram
456 727 631 773 partem,
673 720 716 758 ni
756 718 887 771 fallor,
920 718 1132 758 Lucianus
1166 720 1308 771 postea
1340 717 1508 769 addidit,
1541 729 1637 756 cum

169 806 212 845 in
244 804 456 845 Piscatore
487 816 530 844 se
563 815 728 856 semper
759 802 988 856 flagitiosos
1022 801 1218 854 aequales
1250 804 1517 854 persecutum
1552 812 1642 840 esse

168 887 376 929 scriberet.

224 970 305 1012 Sed
353 969 546 1024 quidde
589 970 718 1010 totius
762 968 915 1022 dialogi
948 967 1254 1020 compositione
1287 967 1383 1006 inde
1417 965 1640 1019 sequitur?

167 1055 299 1096 Multo
333 1054 486 1095 melius
518 1053 623 1094 illud
656 1065 812 1093 nomen
846 1050 927 1100 βίος
961 1051 1138 1104 quadrat
1170 1063 1266 1090 cum
1302 1050 1470 1090 insertis
1506 1047 1642 1089 verbis

168 1139 218 1179 de
258 1137 497 1191 aequalium
543 1138 639 1186 vita,
681 1149 808 1190 quam
844 1148 942 1176 cum
976 1136 1039 1187 iis,
1075 1147 1181 1188 quae
1215 1133 1313 1173 alibi
1344 1132 1558 1174 Lucianus
1593 1133 1645 1173 ad

167 1235 391 1277 personam
439 1225 478 1261 et
525 1221 722 1274 dogmata
764 1219 917 1260 nobilis
961 1218 1183 1258 cuiusdam
1224 1217 1460 1271 philosophi
1493 1216 1645 1257 descri-

167 1305 302 1346 benda
335 1305 456 1346 dedit.
490 1303 586 1344 Non
618 1304 799 1357 primam
834 1303 962 1356 igitur
993 1301 1089 1342 libri
1123 1301 1350 1342 editionem
1383 1313 1459 1340 nos
1494 1298 1645 1340 habere

169 1389 357 1442 conjicio,
405 1388 477 1429 sed
524 1386 750 1439 Lucianus‚
797 1399 894 1426 cum
939 1385 1128 1426 convicia
1165 1386 1208 1424 in
1242 1383 1438 1437 aequales
1472 1384 1644 1435 cynicos

167 1472 404 1524 addidisset,
454 1472 579 1512 etiam
629 1471 801 1515 titulum,
846 1469 940 1510 libri
973 1449 1023 1510 'et
1066 1468 1263 1510 'Mercurii
1299 1468 1427 1509 verba
1460 1470 1647 1508 mutasse

170 1557 274 1597 mihi
306 1556 483 1597 videtur.
520 1554 641 1603 Quod
675 1568 801 1608 quam
838 1553 1107 1607 neglegenter
1140 1556 1180 1593 et
1210 1552 1457 1593 festinanter
1488 1551 1644 1605 fecerit,

168 1639 266 1680 inde
314 1651 482 1692 quoque
529 1641 651 1691 patet,
702 1636 814 1691 quod
857 1637 1032 1676 nomina
1073 1636 1419 1689 philosophorum
1454 1647 1475 1675 e
1509 1636 1647 1688 prima

169 1723 350 1764 editione
381 1722 517 1763 adhuc
548 1725 644 1762 ante
676 1721 802 1762 verba
834 1733 980 1761 eorum
1015 1719 1201 1774 praefixa
1233 1721 1542 1760 remanserunt.

227 1807 304 1847 Oui
339 1807 561 1847 mutationi
596 1809 739 1846 utrum
774 1805 973 1856 tribuam,
1008 1804 1120 1858 quod
1154 1803 1280 1844 verba
1306 1803 1349 1842 in
1371 1803 1542 1842 15—19
1561 1814 1646 1841 non

170 1891 284 1932 salva
325 1895 424 1932 sunt
465 1889 669 1942 (Socrates
702 1890 816 1930 enim
852 1902 876 1928 a
907 1887 1042 1928 Dione
1075 1887 1342 1940 Syracusano
1376 1886 1560 1938 emitur),
1593 1898 1645 1925 an

169 1976 320 2016 vitium
357 1975 410 2015 sit
440 1974 633 2014 codicum
667 1972 920 2026 putandum,
955 1971 1057 2011 mihi
1090 1984 1175 2011 non
1209 1973 1381 2011 constat.

228 2059 291 2100 Ita
325 2059 374 2100 de
408 2058 535 2099 altera
567 2057 762 2098 Vitarum
794 2056 1017 2096 Auctionis
1045 2055 1226 2096 editione
1246 2066 1382 2094 meam
1405 2053 1645 2106 opinionem

169 2145 389 2192 finxeram,
425 2155 521 2182 cum
558 2140 823 2181 Theodorum
852 2139 1134 2179 Prodromum
1165 2136 1257 2177 Βίων
1286 2137 1422 2187 πρᾶσιν
1449 2135 1650 2180 ποιητικῶν

169 2226 236 2269 καὶ
283 2228 484 2267 πολιτικῶν
527 2225 744 2278 scripsisse
777 2224 868 2277 legi.
901 2222 1047 2263 Totam
1085 2234 1222 2261 meam
1258 2219 1645 2273 interpretationem

171 2311 418 2353 subversam
468 2307 682 2363 putabam,
730 2307 829 2360 quia
871 2306 1022 2346 titulus
1055 2303 1149 2344 Βίων
1181 2303 1318 2353 πρᾶσις
1350 2303 1393 2341 in
1427 2301 1648 2340 communi

171 2397 422 2449 scriptorum
454 2406 534 2434 usu
562 2392 693 2432 fuisse
722 2390 953 2430 videbatur.
981 2388 1212 2441 Postquam
1243 2389 1383 2426 autem
1415 2385 1487 2424 diu
1512 2395 1649 2437 neque

172 2481 262 2522 sine
302 2478 443 2519 labore
480 2477 597 2517 illam
632 2475 805 2515 alteram
841 2472 932 2523 βίων
965 2473 1100 2523 πρᾶσιν
1134 2471 1336 2525 quaesivi,
1367 2469 1536 2509 tandem
1573 2468 1651 2507 hoc

172 2576 276 2618 opus
322 2563 467 2603 inveni
508 2562 552 2601 in
600 2558 793 2611 „Notices
837 2562 876 2598 et
915 2557 1102 2597 Extraits
1136 2555 1208 2595 des
1243 2554 1497 2593 manuscrits
1531 2552 1580 2592 de
1612 2552 1650 2592 la

173 2647 471 2700 Bibliotheque
517 2643 752 2698 Imperiale.
800 2642 950 2682 Annee
1000 2640 1110 2679 1810
1155 2637 1314 2678 Article
1358 2635 1454 2689 37,”
1488 2635 1648 2676 editum

174 2745 206 2772 a.
250 2744 287 2770 v.
333 2730 369 2770 d.
412 2729 454 2769 F.
497 2728 535 2769 J.
568 2727 613 2768 G.
645 2726 703 2767 La
736 2726 859 2767 Porte
892 2725 949 2765 du
981 2723 1107 2764 Theil.
1144 2722 1227 2762 Ubi
1258 2734 1342 2761 non
1376 2721 1467 2761 sine
1496 2719 1650 2773 gaudio

171 2827 264 2855 meo
308 2814 449 2854 statim
493 2811 695 2865 apparuit,
738 2809 853 2850 illam
888 2807 978 2857 βίων
1013 2807 1148 2858 πρῖισιν
1180 2804 1383 2845 Theodori
1417 2802 1646 2843 Prodromi
