1934 3334
1013 347 1066 385 66

291 497 419 538 quam
462 486 688 526 maximam
729 498 918 538 navasse,
962 489 1008 527 ut
1039 486 1193 528 fabulis
1224 487 1333 527 fictis
1369 487 1549 540 speciem
1585 486 1780 527 veritatis

294 569 498 622 inderent,
539 569 662 610 cuius
702 570 878 610 rationis
923 569 1187 611 luculentum
1222 569 1464 624 exemplum
1497 568 1669 623 praebet
1698 568 1784 611 Lu-

294 652 441 692 cianus
473 652 518 692 in
549 651 755 693 Toxaride
786 652 952 694 fabulas
984 653 1175 708 undique
1201 666 1388 694 corrasas
1418 665 1491 707 pro
1510 652 1622 694 veris
1639 651 1784 694 vendi-

295 738 400 776 tans.
443 735 541 790 (Cfr.
582 736 681 777 Tox.
727 737 777 777 11
823 735 1114 787 ἐπομοσάμενος
1157 734 1179 784 ἦ
1222 736 1300 787 μὴν
1333 736 1498 784 ἀληθῆ
1536 737 1625 788 ἐρεῖν
1655 740 1696 778 et
1730 736 1782 778 10

295 818 446 869 ὀλίγους
492 819 532 860 δέ
578 835 684 867 τινας
731 820 1068 872 προχειρισάμενος
1115 823 1188 862 τῶν
1235 821 1340 862 καθ’
1385 822 1522 870 ἡμᾶς
1565 818 1783 871 αὐτούς).

294 901 388 944 Hoc
433 886 564 958 igitur
609 904 866 959 praejudicio
911 905 961 946 de
1003 906 1175 946 nomine
1215 904 1383 959 Nigrini
1425 904 1533 945 facto
1566 903 1617 945 ad
1647 905 1783 958 ipsam

295 989 584 1041 quaestionem
619 988 855 1030 redeamus.

352 1071 580 1126 Nigrinum
615 1076 755 1114 autem
789 1073 1034 1125 doctrinam,
1066 1086 1193 1127 quam
1222 1074 1265 1113 in
1294 1072 1386 1113 aliis
1405 1072 1581 1126 dialogis
1599 1070 1782 1124 Cynicae

295 1168 498 1210 personae
529 1155 790 1210 profitentur,
822 1168 920 1210 prae
947 1169 991 1197 se
1018 1155 1127 1197 ferre
1139 1157 1226 1210 jam
1245 1156 1537 1209 animadverti,
1554 1155 1628 1197 sed
1647 1155 1787 1208 etiam,

296 1252 405 1294 quae
437 1252 491 1281 ex
522 1240 671 1281 intimo
706 1239 884 1281 Luciani
916 1240 1040 1282 corde
1072 1239 1330 1294 profluxisse
1362 1240 1465 1280 mihi
1496 1239 1696 1281 videntur
1728 1251 1783 1281 ex

297 1324 488 1365 eiusdem
533 1324 772 1378 philosophi
814 1337 885 1365 ore
917 1324 1126 1365 audimus.
1162 1323 1528 1373 Quemadmodum
1562 1327 1707 1378 postea
1739 1324 1785 1363 in

295 1405 489 1448 Mercede
520 1406 751 1448 Conductis
778 1406 995 1449 Lucianus
1020 1407 1129 1461 fecit,
1157 1408 1216 1448 sic
1243 1407 1451 1462 Nigrinus
1479 1408 1524 1448 in
1551 1407 1630 1448 hoc
1659 1418 1785 1461 opere

294 1489 581 1532 Romanorum
615 1491 832 1532 luxuriem
867 1491 1014 1532 acerbe
1046 1491 1268 1532 cavillatus
1301 1492 1386 1545 (15,
1421 1491 1489 1542 16)
1523 1491 1574 1532 de
1604 1503 1785 1532 nomen-

295 1574 535 1629 clatoribus,
568 1575 619 1616 de
654 1575 881 1616 clientibus
914 1575 1130 1628 (al—24),
1164 1575 1214 1616 de
1247 1587 1466 1616 servorum
1498 1574 1670 1616 fortuna
1698 1575 1784 1628 (34)

293 1659 352 1699 ita
391 1659 560 1700 locutus
603 1662 676 1712 est,
724 1661 771 1700 ut
802 1659 1034 1700 malevolus
1067 1659 1202 1713 ipsius
1234 1659 1450 1713 scriptoris
1482 1659 1652 1699 animus
1685 1671 1785 1713 erga

292 1741 454 1783 nobiles
487 1741 672 1790 Quirites
705 1742 952 1784 manifestus
985 1746 1135 1797 pateat.
1170 1741 1325 1783 Contra
1357 1743 1546 1784 Athenas
1576 1742 1785 1797 urbisque

293 1826 452 1867 incolas
493 1827 620 1867 tantis
659 1827 833 1867 sustulit
864 1825 1075 1879 laudibus,
1109 1829 1156 1866 ut
1187 1827 1348 1880 priscos
1380 1826 1675 1880 Athenienses,
1708 1826 1785 1880 qui

293 1911 470 1964 patriam
516 1924 540 1951 a
584 1910 726 1952 Persis
775 1909 1056 1960 defenderent,
1104 1914 1196 1951 tum
1244 1911 1369 1951 etiam
1410 1911 1571 1952 vixisse
1612 1913 1783 1965 putares

296 1995 513 2049 (12—14).

357 2078 468 2128 Quid
499 2079 629 2134 igitur
660 2079 711 2120 de
741 2079 960 2144 Platonico
993 2079 1254 2134 philosopho,
1287 2080 1360 2134 qui
1393 2078 1538 2132 Cynici
1572 2081 1613 2120 et
1643 2078 1780 2133 ipsius

297 2162 474 2204 Luciani
507 2163 634 2205 verba
666 2163 788 2218 dicat,
822 2163 1081 2205 censendum
1117 2164 1213 2205 est?

356 2246 443 2288 Diu
474 2247 725 2300 nesciebam,
756 2247 926 2288 tandem
959 2248 1063 2288 mihi
1094 2247 1173 2288 lux
1205 2251 1294 2288 orta
1327 2251 1410 2290 est:
1444 2247 1515 2289 ille
1532 2246 1779 2288 Platonicus

299 2344 321 2373 e
368 2330 592 2373 Comoedia
635 2333 682 2372 in
728 2334 919 2373 nostrum
962 2331 1177 2385 dialogum
1209 2332 1334 2372 venit.
1369 2330 1669 2380 Meministine,
1700 2330 1783 2371 lec-

297 2417 373 2469 tor,
404 2428 471 2456 me
501 2416 546 2455 in
578 2416 712 2470 capite
743 2416 878 2470 primo
915 2417 999 2456 mei
1031 2414 1127 2456 libri
1160 2415 1508 2456 animadvertisse
1541 2414 1778 2456 Lucianum

297 2499 424 2540 variis
471 2499 605 2540 modis
654 2500 834 2540 comicos
880 2501 1023 2553 poetas
1069 2500 1115 2539 in
1162 2512 1287 2539 suum
1331 2511 1456 2539 usum
1490 2480 1779 2540 convertisse?

297 2582 387 2623 Aut
426 2585 563 2623 totum
605 2586 902 2637 argumentum
943 2582 994 2622 ab
1035 2582 1121 2623 illis
1154 2582 1345 2636 sumpsit,
1378 2585 1450 2622 aut
1482 2581 1668 2636 episodio
1701 2581 1779 2622 ali-

298 2678 381 2719 quo
419 2666 487 2707 vel
521 2678 699 2720 persona
730 2679 836 2707 usus
868 2668 941 2718 est,
973 2668 1020 2706 ut
1052 2665 1266 2719 dialogum
1301 2665 1542 2706 hilariorem
1575 2664 1779 2706 redderet.

295 2749 448 2791 Nonne
487 2751 658 2791 initium
700 2750 832 2791 nostri
872 2748 1051 2804 Nigrini,
1091 2748 1166 2789 ubi
1196 2749 1270 2789 illa
1301 2749 1569 2790 vehementia
1600 2747 1779 2790 Luciani

297 2832 424 2874 verba
454 2833 666 2888 leguntur,
697 2846 752 2874 ex
782 2833 852 2874 illo
883 2832 996 2874 fonte
1027 2831 1205 2873 fluxisse
1238 2831 1467 2873 verisimile
1499 2834 1563 2873 est
1582 2831 1602 2872 Ρ
