1934 3334
989 340 1040 378 7ss

283 480 523 533 exemplum
570 478 861 527 laudabantur,
907 491 981 532 pro
1026 477 1156 518 nihilo
1200 490 1290 518 csse
1318 478 1547 530 judicanda
1578 479 1658 518 nisi
1689 490 1764 532 pro

282 564 502 605 rhetoricis
530 561 843 616 speciminibus,
872 560 1028 615 quibus
1056 560 1279 602 Comoedia
1303 561 1458 602 fontem
1486 560 1765 615 praebuerit''.

342 647 487 688 Multis
528 647 658 701 igitur
702 646 804 686 mihi
846 659 951 700 opus
984 647 1062 687 erit
1093 646 1356 698 testimoniis,
1387 645 1501 686 unde
1531 644 1766 686 Lucianum

281 733 325 772 in
359 731 620 784 argumentis
653 729 856 784 eligendis
875 729 1122 770 Comoediae
1139 732 1282 783 poetas
1300 733 1491 770 secutum
1511 742 1602 771 esse
1620 733 1767 784 pateat.

285 815 433 856 Statim
481 814 689 854 comicum
733 826 901 855 versum
945 827 968 854 a
1010 813 1240 855 Fritzschio
1286 815 1325 853 in
1364 813 1458 854 dial.
1490 812 1611 855 Deor.
1645 814 1767 854 221.

283 891 517 940 indicatum
549 898 720 938 laudare
750 899 908 951 possim

578 977 600 1027 ἦ
632 979 704 1021 πού
737 981 805 1021 τιν’
841 979 973 1021 ἔλαθον
1005 977 1101 1031 αἶγα
1135 980 1352 1032 μοιχεύσκς
1385 980 1484 1031 ἕγως

286 1067 358 1109 sed
390 1067 530 1121 potius
559 1069 907 1119 argumentorum
938 1066 1259 1107 similitudinem
1288 1066 1413 1107 hacce
1442 1064 1585 1106 tabula
1602 1065 1771 1107 demon-

288 1152 450 1194 strabo:

346 1235 395 1276 D.
415 1235 463 1276 D.
513 1237 611 1275 3.oe
631 1233 690 1274 Ἰώ
724 1234 924 1288 Platonis,
958 1234 1249 1287 Sannyrionis.

349 1319 397 1360 D.
416 1319 465 1360 D.
513 1321 539 1359 4
571 1322 610 1360 et
644 1319 679 1358 5.
700 1336 741 1355 x
764 1318 996 1367 Γανυμήδης
1031 1318 1189 1372 Alcaei,
1225 1318 1489 1372 Antiphanis,
1519 1317 1689 1359 Eubuli.

350 1403 399 1444 D.
418 1402 467 1443 D.
519 1402 555 1443 6.
574 1420 616 1439 m
636 1399 756 1450 Ἰξίων
789 1402 964 1444 Eubuli.

348 1487 397 1529 D.
416 1487 465 1529 D.
516 1489 550 1529 7.
569 1505 614 1525 Ν
633 1487 777 1539 Ἑρμοῦ
809 1485 921 1537 γοναί
950 1486 1135 1528 Philisci.

348 1571 397 1612 D.
416 1571 464 1612 D.
513 1571 799 1618 8.(νἈθηνΞς
831 1569 943 1621 yovxt‘
972 1570 1205 1625 Hermippi.

348 1655 397 1697 D.
416 1655 465 1697 D.
515 1658 552 1699 9.
572 1673 615 1692 εκ·
637 1655 796 1707 Βάκχου
828 1654 995 1707 δευτέρκι
1027 1654 1139 1705 γονκί
1168 1656 1317 1696 incerti
1348 1657 1503 1709 poetae.

350 1740 398 1781 D.
417 1740 466 1781 D.
487 1741 551 1781 10..
572 1758 615 1777 :x-
636 1737 725 1786 Νὺξ
756 1739 891 1791 μκκρνί
924 1740 1123 1792 Platonis,
1155 1737 1410 1791 Ἀμφιτρύων
1441 1739 1658 1793 Archippi.

352 1824 401 1866 D.
418 1824 467 1865 D.
489 1825 553 1865 11.
572 1841 614 1860 ικ-
634 1823 848 1873 Ἐνδυμίων
881 1824 1037 1864 Alcaei.

352 1908 401 1949 D.
420 1908 469 1949 D.
490 1909 554 1948 14.
573 1925 615 1944 α·
638 1905 836 1953 Ὑάκινθος
868 1907 1087 1948 Anaxilae.

352 1992 401 2033 D.
419 1991 468 2033 D.
488 1993 554 2032 22.
572 2009 617 2029 cx*
637 1991 762 2037 Πανὸς
795 1990 907 2041 γοναί
935 1992 1140 2045 Ararotis,
1172 1991 1358 2032 Philisci.

353 2076 402 2117 D.
420 2076 469 2117 D.
489 2078 555 2117 23.
574 2093 617 2113 cx·
637 2075 808 2127 Πρίαπος
840 2075 1067 2118 Xenarchi.

353 2160 401 2201 D.
415 2160 469 2200 M.
520 2161 554 2201 l.
573 2178 618 2197 <v
642 2156 842 2199 Γαλάτεια
873 2158 1132 2212 Nicocharis,
1164 2157 1336 2210 Κύκλωψ
1368 2159 1636 2213 Antiphanis.

356 2242 405 2284 D.
418 2242 473 2283 M.
522 2244 558 2284 6.
577 2261 620 2280 cx·
641 2242 860 2293 Ἀμυμώνη
895 2242 1152 2283 Nicocharis.

356 2327 405 2368 D.
421 2327 473 2368 M.
523 2327 698 2368 [³⁰ch
734 2327 937 2380 Platonis,
973 2326 1263 2380 Sannyrionis.

358 2410 406 2451 D.
422 2411 475 2451 M.
497 2413 560 2452 14.
580 2429 623 2449 m
642 2410 884 2463 Ἀνδρομέδα
917 2411 1188 2465 Antiphanis.

356 2494 471 2535 ΠΜ.
493 2497 557 2536 15.
577 2515 619 2533 a:
639 2495 802 2547 Εὐρώπη
835 2494 1005 2548 Eubuli,
1037 2494 1271 2548 Hermippi,
1303 2494 1502 2535 Platonis.

359 2579 430 2620 IV.
464 2580 591 2621 Varia
624 2580 773 2621 deinde
801 2583 1049 2633 argumenta
1076 2592 1098 2619 e
1127 2578 1352 2619 comoediis
1381 2578 1602 2632 desumpta
1620 2578 1783 2631 dialogo

300 2663 348 2704 de
380 2662 576 2704 Parasito
607 2663 821 2704 Lucianus
853 2664 896 2703 in
931 2676 1065 2703 unum
1101 2662 1278 2716 collegit.
1315 2661 1448 2710 Quam
1481 2663 1684 2716 originem
1702 2663 1784 2703 nisi

301 2759 464 2800 semper
510 2750 649 2787 tecum
699 2750 879 2801 reputes,
924 2746 1026 2799 quid
1059 2745 1226 2786 tandem
1261 2744 1475 2786 Lucianus
1508 2745 1586 2785 hoc
1619 2745 1784 2799 dialogo

303 2830 496 2884 voluerit,
528 2830 636 2872 effici
667 2832 826 2885 nequit.
858 2830 954 2885 Ipse
985 2829 1244 2871 Fritzschius
1275 2830 1319 2869 in
1351 2829 1470 2870 libris
1497 2827 1786 2882 abjudicandis
